2780 5092
588 476 649 548 183

46 655 135 720 dum
158 654 222 720 erit
242 655 285 738 si,
308 644 395 738 quod
417 675 515 739 supra
537 651 777 735 adnotavimus,
806 661 875 720 tam
896 652 1022 720 varium
1045 651 1166 740 Glago-

45 760 218 826 liticarum
240 758 417 824 litterarum
440 779 623 838 numerum,
651 765 718 822 tam
748 756 853 823 varias
880 756 1000 822 formas
1023 757 1166 822 extitisse

46 863 263 948 percipimus.
297 859 403 944 Quem
420 868 527 925 autem
542 859 606 924 iam
622 882 687 924 non
705 867 800 944 putas
820 860 1008 946 intelligere,
1031 860 1085 944 qui
1100 860 1167 926 fac-

48 975 126 1030 tum
154 965 213 1047 sit,
240 973 278 1029 ut
300 962 530 1030 Constantinus
552 962 605 1027 ille
627 983 761 1049 graecos
784 963 887 1050 magis
911 960 1031 1027 ductus
1054 985 1166 1047 seque-

50 1067 168 1134 retur?
211 1067 372 1152 Equidem
402 1090 500 1150 quum
530 1063 711 1130 Orientales
742 1063 876 1132 Sclavos
906 1066 973 1132 sive
1005 1089 1075 1148 eos,
1111 1067 1165 1150 qui
1196 1067 1199 1072 ’

48 1171 193 1258 Bulgari
223 1177 318 1254 atque
342 1168 435 1237 Servi
464 1177 497 1237 et
519 1166 657 1233 Valachi
685 1167 782 1253 vulgo
810 1169 1025 1255 appellantur,
1055 1177 1087 1233 et
1110 1170 1165 1252 qui

49 1298 160 1360 prope
182 1273 409 1338 Macedoniam
431 1270 524 1337 sedes
547 1272 666 1352 colunt,
690 1270 922 1356 graecissantes
945 1273 1047 1358 magis
1068 1293 1164 1356 quam

50 1379 229 1443 Dalmatas
258 1383 290 1440 et
317 1375 440 1462 Illyrici
469 1381 581 1460 gentes
604 1372 896 1456 animadvertisset,
919 1373 1164 1440 necessitatibus

51 1505 168 1546 eorum
198 1479 367 1545 subvenire
396 1477 544 1563 rupiana,
575 1474 780 1560 alphabetum
805 1476 884 1541 illud
913 1477 976 1542 sibi
1002 1476 1161 1560 finxit⁴⁹⁹)

51 1607 122 1668 quo
146 1583 252 1650 adhue
275 1581 343 1646 eius
365 1589 469 1646 terrae
491 1577 615 1644 incolae
638 1587 771 1643 utuntur
784 1581 849 1659 ⁵⁰⁰).

510 1756 711 1764 ——-——-

152 1889 376 1972 Quaestionem
397 1879 491 1958 nobis
514 1912 589 1956 eam·
607 1889 831 1976 proposuimus
853 1899 899 1973 ut,
922 1890 1087 1976 quodiam
1103 1890 1161 1956 hu-

53 1996 109 2058 ius
131 1992 204 2059 libri
226 1999 329 2084 capite
351 1998 451 2084 priori
473 1993 658 2062 inchoatum
682 2001 747 2076 est,
771 1993 806 2060 S.
824 1994 1057 2081 Hieronymum
1079 1991 1161 2060 Cos-

54 2097 264 2184 mographiae
287 2101 396 2168 Ethiei
417 2101 627 2184 interpretem
648 2097 746 2166 firissc
768 2097 1015 2167 ostenderemus.
1063 2095 1159 2179 Quod

54 2225 156 2285 quum
180 2203 286 2286 aliqua
297 2227 347 2270 ex
368 2212 460 2290 parte
483 2225 523 2268 ex
546 2201 704 2268 nonnullis
720 2197 993 2289 Oosmographiae
1008 2200 1088 2270 locis
1103 2225 1159 2270 no·

55 2304 106 2371 bis
129 2307 352 2390 successisset,
380 2307 484 2392 magis
507 2305 603 2372 etiam
625 2303 704 2370 illud
728 2305 916 2374 confirmare
944 2307 1069 2392 cupidi,
1098 2305 1160 2372 hoc

54 2408 185 2474 demum
204 2413 309 2495 capite
329 2410 533 2476 tentavimus.
545 2409 572 2476 si
592 2409 675 2474 forte
696 2407 861 2475 recensitis
877 2409 1161 2477 elementisEthiei

54 2536 95 2576 ex
113 2515 155 2578 iis
172 2512 259 2578 aliud
275 2512 679 2599 argumentumeonsecuti
701 2532 770 2576 esse
786 2509 977 2600 videremur,
999 2535 1063 2596 quo
1078 2509 1159 2580 Hie·

54 2640 227 2704 ronymum
248 2617 455 2701 interpretem
475 2615 573 2682 fuisse
598 2615 762 2683 evidenter
783 2623 893 2702 posset
915 2615 1135 2682 demonstrari.

146 2717 222 2800 Quo
244 2719 374 2802 quidem
395 2741 524 2784 munere
546 2742 605 2803 pro
628 2720 712 2786 virili
733 2733 825 2804 parte
848 2721 894 2788 sic
916 2721 1018 2789 functi
1039 2743 1158 2804 sumus,

54 2832 92 2888 ut
113 2822 318 2909 paragrapho
339 2823 446 2909 prima
464 2823 691 2910 philosophum
714 2834 857 2894 nostrum
875 2849 990 2912 genere
1006 2825 1158 2894 Selavum

54 2927 165 3009 firisse,
188 2925 328 2992 secunda
344 2937 458 2992 ‘autem
475 2928 599 2992 litteras
613 2926 725 2992 Ethioi
740 2929 868 2994 easdem
883 2951 952 2994 esse
967 2937 1063 3012 atque
1079 2927 1158 2992 Gla-

55 3031 204 3116 golitieas
225 3029 482 3110 ostenderemus3
505 3031 601 3098 tertia
623 3028 759 3114 denique
782 3029 860 3114 quid
883 3029 923 3096 de
945 3029 1033 3094 hisce
1049 3027 1159 3097 Sclavi

56 3132 197 3197 sentiant
224 3134 438 3221 exposuimus.
484 3131 551 3215 Qui
579 3157 677 3219 quum
699 3156 763 3198 uuo
786 3134 927 3200 omnium
950 3157 1005 3200 ore
1027 3142 1060 3198 et
1082 3155 1157 3199 con-

56 3257 152 3300 sensu
178 3235 448 3323 Hieronymianas
476 3237 608 3304 credant
643 3259 711 3304 esse
744 3237 883 3320 litteras,
917 3237 981 3302 iam
1011 3246 1157 3306 sanetum

55 3339 146 3404 illum
169 3339 409 3406 Stridonansem
430 3341 654 3416 translatorem
676 3339 786 3408 Ethici
807 3341 905 3408 firisse
929 3341 1080 3428 sequitur.

143 3441 258 3508 Restat
277 3445 408 3510 tertium
430 3443 592 3529 quoddam
614 3453 851 3532 argumentum,
880 3467 943 3529 quo
970 3443 1056 3509 idem
1076 3443 1156 3510 Hie-

126 3685 195 3750 499)
214 3689 260 3738 cfr.
278 3691 386 3754 Kopitar
405 3689 504 3754 elagel.
525 3689 595 3740 Cloz.
613 3703 671 3752 pag.
684 3681 735 3739 Xb.
755 3699 780 3741 et
797 3693 891 3757 Haupt,
909 3695 925 3744 l.
940 3711 960 3744 e.
980 3709 1037 3758 pag.
1053 3693 1093 3742 15,

125 3771 195 3835 500)
213 3775 275 3824 Alia
295 3784 444 3840 argumenta
464 3791 512 3839 pro
530 3776 666 3839 alphabeta
684 3774 835 3838 Glagolitteo
855 3783 993 3843 pugnantia
1011 3779 1084 3828 affert
1095 3779 1154 3826 Iac.

59 3860 174 3910 Grimm
191 3863 231 3912 lu:
251 3861 427 3927 osmugische
437 3861 551 3924 gelehrte
560 3861 699 3926 Anaeigem
713 3859 789 3926 1836.
802 3863 881 3915 Stiick
893 3863 934 3913 33.
948 3863 989 3912 31.
1004 3861 1045 3912 35.
1057 3857 1093 3924 (p.
1104 3860 1153 3912 323

58 3943 177 4008 -339.)‚
201 3947 244 3997 ubi
261 3950 318 4001 vide
340 3963 399 4014 pag.
419 3944 478 3998 ³24.
498 3944 558 3998 ³25.
577 3977 611 3986 —-
629 3947 776 4010 Kopitar,
794 3947 945 3996 Psalterium
962 3949 1087 3996 Remense
1106 3954 1152 3996 etc.

57 4047 112 4096 pag.
124 4034 175 4093 XI,
194 4035 290 4084 nott:
318 4035 362 4096 „Si
381 4049 441 4098 ergo
461 4048 575 4098 quaeras,
593 4041 649 4082 uter
666 4040 750 4082 utrum
767 4032 883 4103 habuerit
899 4047 960 4096 prae
978 4033 1070 4094 oculis,
1087 4034 1154 4083 diee-

39 4133 110 4188 ¹mus
130 4118 285 4179 Glagolitam
302 4122 393 4170 ducem
411 4119 489 4169 fuisse
503 4116 659 4183 Cyrilliani“.
670 4149 703 4156 -
717 4115 770 4166 Cir.
790 4117 865 4165 etiam
883 4119 990 4168 eandem
1007 4119 1060 4168 fere
1079 4135 1154 4183 quam
1190 4167 1193 4174 ,

57 4219 102 4252 nos
125 4201 277 4254 sententiam
302 4205 459 4266 proferentes
482 4205 679 4268 Kopitarem,
714 4202 811 4265 Glagol.
836 4201 906 4253 clos.
933 4219 991 4268 pag.
1013 4199 1064 4258 Xl.
1086 4209 1151 4268 XI‘3

58 4289 228 4354 Hauptium
246 4288 263 4336 l.
277 4302 298 4336 c.
317 4301 375 4350 pag.
390 4288 430 4338 10.
449 4289 491 4340 15.
511 4289 552 4340 16.
