2780 5092
732 469 795 534 144

212 641 520 727 Constantinopolim
531 641 605 723 881),
640 637 811 705 laudantur
839 641 872 704 in
901 638 1156 726 Cosmographia
1183 639 1297 704 Ethici:

210 746 432 826 Alcimus³³²),
447 741 1296 828 Macedonius³³³)„Eunomius³³⁴lpPriscillianus³³⁵);

210 847 344 932 denique
365 847 473 912 neseio
498 869 539 910 an
561 847 623 913 alio
646 847 773 914 nomine
801 848 897 912 etiam
919 846 1125 934 Arbogastsn
1147 847 1299 933 Hierony-

208 975 280 1016 mus
301 950 454 1016 attulerit.
490 949 581 1016 Dicit
603 949 686 1015 enim
709 973 740 1036 p.
757 950 833 1032 438,
852 973 883 1014 y.
899 952 958 1018 20:
984 949 1059 1032 „ubi
1080 959 1194 1036 postea
1207 951 1298 1016 Alex-

209 1054 308 1126 ander
341 1076 425 1120 oum
449 1054 652 1141 ¹Arbogen·
684 1054 872 1140 principe
905 1049 1155 1121 Albanorum
1188 1053 1298 1120 bellum

208 1157 350 1237 induxit3
380 1165 412 1222 et
433 1158 536 1222 tribus
559 1157 671 1222 diebus
693 1158 914 1224 cruentissimo
936 1157 1020 1223 bello
1043 1155 1158 1224 caedes
1181 1179 1219 1222 ac
1240 1158 1299 1222 ela

208 1260 266 1326 des
287 1262 453 1343 maximas,
469 1260 627 1326 dirissimo
649 1253 780 1326 vulnere
802 1269 837 1326 et
857 1259 1030 1326 damnabili
1052 1269 1085 1326 et
1107 1260 1300 1326 atrocissimo
1382 1311 1383 1314 ¹

207 1364 345 1449 proelio,
374 1364 553 1430 diutissima
581 1362 696 1447 caede,
725 1364 833 1431 decies
859 1364 963 1430 milies
984 1371 1118 1430 centena
1139 1364 1227 1430 milia
1250 1386 1302 1428 oe-

208 1467 416 1539 eubuerunt“.
453 1467 620 1534 Interdum
644 1475 751 1536 autem
772 1491 832 1553 pro
858 1466 992 1548 „Alani,
1014 1466 1152 1532 Alanie“
1176 1467 1209 1530 in
1225 1464 1302 1532 Cos-

207 1569 396 1654 mographis
410 1570 560 1636 scribitur
576 1568 726 1649 „Albani
738 1569 910 1648 Albania“,
925 1569 1023 1632 scilic.
1035 1590 1109 1654 pag.
1123 1571 1198 1651 532,
1211 1593 1240 1634 v.
1262 1571 1302 1636 17

206 1679 238 1736 01
255 1673 312 1748 25;
341 1692 416 1756 pag.
433 1672 508 1752 533,
531 1694 561 1734 v.
581 1670 621 1735 10
642 1677 675 1732 et
698 1669 752 1749 183
782 1693 857 1756 pag.
880 1670 955 1752 534,
977 1671 1054 1738 03.
1079 1678 1155 1735 0011.
1194 1669 1304 1754 Quare

206 1773 233 1838 si
254 1781 364 1838 nostro
386 1773 458 1842 loco
479 1775 616 1860 legimus
640 1795 733 1856 „cum
751 1774 906 1860 Arbogen
929 1772 1072 1858 principe
1094 1775 1304 1859 Alanorum“‚

205 1970 308 2032 Lipsiae
324 1967 399 2019 1851.
427 1963 464 2019 8⁰.
491 1986 549 2036 pag,
562 1969 623 2020 229.
636 1973 689 2021 init.
708 1977 734 2020 et
749 1977 802 2022 not.
823 1969 898 2022 1675.
920 2002 955 2010 -
976 1971 1021 2022 cfr.
1039 1972 1157 2022 Ethicum
1175 1987 1232 2036 pag.
1245 1971 1305 2033 539,
1382 1997 1383 2010 ι

205 2054 327 2105 vr.10.

221 2071 234 2105 e
249 2072 260 2105 Β
277 2135 343 2200 331)
364 2139 519 2189 Consecreta
537 2147 575 2189 est
593 2143 633 2190 die
655 2140 694 2189 11.
706 2141 768 2189 Maii
786 2141 846 2188 anni
865 2138 924 2188 330.
952 2139 996 2188 cfr.
1015 2139 1106 2191 Mauso
1120 2141 1224 2199 „Leben
1236 2141 1306 2193 Con·

120 2258 124 2264 ,
205 2225 318 2276 stantin’s
330 2227 375 2273 'des
389 2223 524 2274 Grossen“.
543 2225 618 2276 Wien
631 2223 706 2274 1819.
719 2221 755 2274 8⁰.
774 2241 799 2289 p.
814 2223 873 2275 361.
883 2257 917 2263 -
929 2225 985 2274 vide
998 2226 1116 2275 Ethicum
1127 2243 1153 2290 p.
1164 2225 1223 2288 513,
1232 2245 1254 2277 v.
1266 2227 1291 2278 7.

274 2307 342 2370 332)
362 2310 406 2358 cir.
425 2309 543 2360 Ethicum
560 2317 618 2375 ps'g.
631 2310 683 2360 466
696 2318 759 2360 extr.
778 2317 804 2360 et
820 2327 846 2374 p,
859 2309 920 2372 461,
937 2327 960 2360 v.
974 2310 1015 2361 16.
1031 2342 1066 2351 -
1083 2313 1159 2362 Hunc
1176 2313 1309 2366 Alcimum

202 2395 346 2456 Alethium,
364 2396 535 2460 professorem
552 2398 773 2460 Burdigalenscm‚
793 2396 819 2446 S.
838 2398 1007 2460 Hieronymus
1024 2399 1112 2448 laudat
1133 2401 1160 2448 in
1177 2399 1307 2450 Chronico

202 2482 306 2530 Eusebii
323 2481 356 2530 ad
373 2495 467 2532 annum
481 2480 540 2531 358.
559 2482 657 2545 (Opera
675 2484 713 2532 ed.
726 2483 834 2540 Vellers.
853 2490 914 2532 tom.
926 2484 996 2532 VIII.
1013 2499 1071 2548 pag.
1086 2483 1145 2534 799.
1165 2485 1189 2534 G
1200 2515 1235 2523 —
1247 2494 1304 2536 aut:

174 2600 176 2604 ψ
204 2565 366 2624 „Vetustiora
377 2566 526 2614 Latinorum
538 2565 694 2628 Scriptorum
707 2566 834 2615 Chronica
852 2568 883 2615 ed
895 2567 968 2617 MSS.
988 2570 1088 2618 codices
1107 2571 1239 2619 emendata
1258 2578 1305 2620 etc.

202 2652 229 2698 in
247 2665 325 2698 unum
343 2666 435 2713 corpus
453 2651 571 2712 collecte,
593 2653 733 2713 praemisso
755 2653 858 2700 Eusebii
880 2651 1014 2720 Chronico·
1026 2670 1042 2702 a
1057 2655 1090 2702 D.
1115 2656 1272 2719 Hieronymo
1292 2671 1307 2705 0

204 2736 302 2786 Graeco
319 2751 392 2784 verso
412 2743 437 2785 et
454 2737 539 2786 mulus
557 2745 644 2786 aucto:
664 2737 765 2799 collegit
775 2737 808 2784 D.
821 2737 932 2784 Thomas
945 2739 1116 2800 Roncallius“,
1135 2743 1232 2792 2V011.
1256 2743 1307 2791 Pa—

203 2823 261 2870 tavii
281 2819 356 2870 1787.
380 2821 424 2870 sol.
446 2823 507 2872 min.
538 2821 583 2871 cfr.
602 2830 663 2871 tom.
676 2823 696 2882 I,
714 2836 771 2884 pag.
785 2817 865 2878 tou).

274 2905 342 2970 333)
362 2909 406 2958 cfr.
424 2907 542 2956 Ethicum
560 2921 617 2972 pag.
631 2906 680 2956 491
695 2913 798 2955 extrem.
812 2935 846 2942 -
857 2905 1021 2954 Macedonius
1039 2908 1071 2955 ab
1083 2908 1186 2958 Arianis
1205 2914 1309 2973 episco-

202 3010 249 3057 pus
268 2993 562 3057 Constantinopolitanus
587 2994 687 3056 eligitur
708 3008 730 3040 a.
746 2989 809 3051 3453
832 2991 876 3038 sed
894 2991 985 3039 eodem
1003 3007 1069 3041 anno
1092 3010 1107 3042 a
1130 2995 1190 3043 sede
1213 2999 1310 3058 pulsus

202 3087 260 3129 ante
282 3071 368 3142 portas
390 3081 459 3128 urbis
479 3079 672 3141 Constantinop.
689 3077 794 3127 moritur
812 3093 834 3124 a.
854 3073 913 3124 364.
943 3076 988 3125 cfr.
1007 3076 1154 3128 Sozomenis
1170 3079 1237 3129 Hist.
1255 3082 1311 3132 Ec-

202 3167 333 3214 clesiastic.
355 3171 381 3214 et
401 3165 547 3215 Schroeckh
566 3163 735 3224 „christliche
751 3162 1024 3224 Kirchengeschichte“
1045 3171 1106 3214 tom.
1123 3165 1174 3226 VI,
1196 3166 1312 3232 Leipzig

203 3249 280 3300 1778.
308 3245 344 3299 8⁰.
371 3266 429 3314 pag.
444 3251 485 3299 77.

272 3333 339 3398 334)
359 3338 405 3386 cfr.
422 3337 541 3386 Ethicnm
557 3349 615 3403 pag.
630 3334 677 3382 491
699 3349 722 3383 0.
735 3334 777 3383 lin.
791 3366 825 3373 -
836 3335 977 3386 Eunomius
996 3351 1018 3384 a.
1033 3333 1092 3384 356.
1110 3337 1176 3386 inter
1193 3338 1310 3402 discipu-

200 3422 321 3472 100Αέᾗὶ
333 3423 504 3473 Alexandriae
522 3427 645 3483 receptus,
664 3435 686 3466 0.
701 3415 760 3468 369.
779 3437 795 3470 0
810 3421 941 3485 Cyzicenis
960 3422 1093 3486 episcopus
1112 3423 1226 3486 eligitur3
1246 3434 1310 3475 ante

200 3523 294 3555 annum
313 3507 372 3556 396.
391 3510 418 3556 in
437 3507 599 3570 Cappadocia
621 3512 735 3554 mortuus
755 3514 800 3556 est.
837 3508 882 3556 cfr.
901 3507 1054 3571 Philostorgi
1072 3509 1136 3558 Hist.
1154 3509 1310 3561 Ecclesiast.

199 3591 309 3712 Epiltppi.
328 3593 371 3640 lib.
388 3593 510 3642 ΙΠ-Χ.
530 3589 727 3656 echhroeckh,
746 3593 943 3657 Kirchengesch.
964 3601 1011 3643 etc.
1030 3601 1091 3643 tom.
1105 3595 1154 3657 VI,
1178 3611 1237 3660 pag.
1255 3597 1310 3647 124

270 3744 338 3809 335)
357 3747 403 3797 cir.
421 3747 540 3796 Etlncum
556 3747 816 3814 ,00401010-
829 3750 1001 3800 Priscillianus
1019 3765 1041 3800 0.
1061 3749 1120 3800 386.
1138 3752 1165 3808 in
1184 3752 1310 3804 Concilio

200 3835 435 3898 Caesaraugustam
458 3835 602 3897 damnatus,
624 3851 691 3885 anno
716 3834 774 3884 381.
798 3851 855 3885 cum
872 3837 996 3887 Instantio
1015 3845 1041 3886 01
1058 3837 1175 3887 Salviano
1193 3840 1310 3889 Romam

198 3923 270 3984 petit,
287 3937 369 3986 papae
381 3922 495 3972 Damaso
514 3937 570 3972 sese
589 3929 760 3973 excusatnms.
791 3921 841 3971 Sed
853 3937 920 3971 enno
936 3920 995 3982 387,
1013 3922 1124 3971 Arcadio
1144 3931 1170 3973 01
1184 3925 1309 3976 Bautone

200 4005 273 4056 Coss.
291 4009 383 4058 iterum
401 4009 532 4060 damnatus
550 4011 577 4060 in
596 4009 711 4060 Concilio
729 4007 906 4068 Burdigalensi
923 4008 955 4055 ad
967 4007 1148 4069 Imperatorem
1159 4011 1310 4062 Maximum

199 4091 325 4154 confugit,
352 4111 368 4143 0
390 4110 441 4158 quo
464 4103 598 4146 accusante
620 4096 699 4144 Itucio
722 4093 806 4156 gladio
829 4091 976 4140 interfectus
1002 4099 1040 4141 est
1061 4108 1128 4142 anno
1153 4093 1213 4147 389.
1259 4097 1308 4147 cfr.

197 4174 317 4237 Prosperi
337 4177 483 4230 chronicon
501 4185 540 4232 ed.
558 4181 712 4242 Roncallius,
731 4187 792 4230 tom.
804 4178 825 4238 Ι,
843 4191 901 4240 pag.
916 4174 975 4226 639.
995 4185 1020 4227 01
1036 4178 1163 4231 Isidorum
1181 4184 1221 4233 ed.
1237 4183 1309 4234 Are-

198 4259 255 4318 veli,
274 4265 335 4308 l⁰¹11·
347 4261 405 4321 VH,
424 4279 481 4328 pag.
497 4265 555 4328 100,
573 4281 621 4316 nec
639 4281 692 4316 non
709 4271 770 4316 tom.
783 4265 828 4326 111,
845 4277 920 4328 pagg.
934 4261 995 4326 238,
1014 4261 1073 4316 358.
