2800 5088
503 1479 724 1601 CAPVT
759 1483 797 1598 l.

135 1674 429 1746 rnsrruoum
451 1677 511 1744 nr
533 1677 720 1747 rvnrcrn
742 1677 962 1748 vmoavu
983 1679 1160 1748 nocro-
1189 1647 1195 1654 ’

447 1789 551 1856 uvu
573 1788 848 1858 nnmnrco,

94 1971 345 2116 ETHIOW)
361 2031 544 2122 philosophi
554 2035 853 2124 Cosmographiam‚
865 2037 925 2103 etsi
940 2037 1001 2104 snb
1016 2037 1111 2101 finem
1128 2037 1202 2100 anni

98 2135 193 2204 1852.
209 2136 348 2222 primum
362 2139 492 2224 prodiit,
507 2149 615 2206 tamen
629 2140 704 2205 inde
719 2163 739 2204 a
754 2141 881 2206 saeculo
895 2149 971 2228 post
983 2139 1060 2207 Chr.
1078 2165 1110 2205 n.
1131 2161 1202 2225 sep-

96 2241 175 2305 timo
190 2248 224 2304 et
239 2239 275 2306 S.
290 2240 407 2307 Isidori
428 2252 531 2310 astate
547 2244 587 2310 ab
603 2245 788 2310 auctoribus
805 2246 972 2332 permultis
988 2253 1021 2312 et
1036 2241 1201 2310 laudatam

96 2345 277 2410 invenimus
299 2353 331 2408 et
353 2348 555 2432 exscriptam.
602 2345 676 2426 Quo
697 2349 803 2432 magis
822 2349 915 2416 nobis
937 2349 1118 2414 mirandum
1141 2355 1201 2428 est,

96 2447 184 2531 quod
212 2471 252 2511 ex
280 2455 351 2510 toto
380 2449 521 2513 virorum
550 2447 606 2529 qui
634 2447 675 2509 de
695 2448 816 2511 Ethico
842 2452 1038 2532 scripserunt
1058 2471 1202 2529 numero,

97 2559 131 2614 et
153 2571 236 2633 quos
258 2547 350 2610 initio
364 2546 458 2614 huius
473 2547 580 2634 operis
593 2543 804 2628 laudavimus,
818 2549 972 2633 perpauci
985 2555 1110 2610 tantum
1123 2545 1204 2612 Cos-

97 2650 323 2738 mographiam
352 2659 494 2718 nostram
523 2674 544 2716 a
569 2648 678 2714 libello
698 2647 774 2713 Iulii
797 2645 944 2714 Oratoris
972 2648 1204 2738 segregandam

99 2777 170 2821 esse
191 2762 434 2841 perspexerunt.
470 2754 537 2823 Sed
559 2753 605 2818 illi
627 2774 737 2818 omnes
758 2751 824 2818 fere
845 2751 879 2816 in
893 2752 1013 2819 Ethico
1034 2752 1204 2830 tractando

100 2866 193 2924 tanta
214 2858 345 2924 levitate
367 2860 417 2925 usi
439 2869 524 2944 sunt,
544 2866 583 2924 ut
604 2856 790 2923 certissimis
811 2857 955 2944 vestigiis
968 2858 1064 2944 plane
1078 2859 1207 2944 neglec-

101 2963 160 3046 tis,
182 2963 323 3028 incertas
346 2964 546 3028 coniecturas
568 2961 659 3046 sequi
681 2983 777 3044 quam
799 2997 842 3010 -
863 2959 949 3044 qaod
972 2960 1100 3044 quidem
1119 2968 1206 3025 certe

101 3067 268 3152 operosius
296 3074 346 3130 est
375 3105 416 3114 -
445 3066 636 3130 testimoniis
664 3073 809 3128 veterum
842 3072 1009 3129 auctorum
1036 3061 1207 3150 diligenter

101 3168 246 3251 undique
268 3167 421 3250 collectis,
442 3168 631 3235 firmissimis
653 3165 803 3232 subsidiis
820 3167 885 3244 ¹niti
904 3167 1043 3234 mallent.
1077 3165 1131 3232 Ex
1144 3166 1206 3232 hac

102 3271 177 3356 ipsa
199 3266 314 3333 deinde
336 3269 530 3358 negligentia
550 3260 746 3337 incredibilis
766 3259 822 3335 illa
842 3271 1068 3336 sententiarum
1082 3278 1207 3357 pertur-

102 3370 194 3440 batio
217 3379 250 3436 et
272 3371 416 3438 confusio
439 3381 509 3438 orta
533 3383 597 3458 est,
626 3374 667 3440 de
690 3398 754 3460 qua
775 3397 872 3462 supra
893 3374 1006 3459 paucis
1031 3374 1208 3460 disputavi-

1 3471 2 3474 '
104 3499 192 3556 mus3
228 3495 326 3560 quare
354 3483 391 3540 ut
418 3475 513 3542 certis
544 3475 742 3544 documentis
769 3479 916 3564 quidex
942 3477 1133 3544 testimoniis
1154 3501 1208 3543 vc-

65 3651 67 3656 ,
104 3592 210 3648 terum
234 3578 449 3668 colligendum
473 3587 541 3646 erat
570 3581 828 3666 comprobemus,
857 3590 1022 3648 auctorum
1050 3582 1106 3668 qui
1127 3579 1209 3650 Cos·

159 3795 228 3858 224)
241 3799 273 3848 In
284 3797 355 3848 libris
369 3799 470 3862 optimis
482 3799 583 3862 saepius
596 3795 728 3848 Ethicus
741 3813 816 3862 quam
827 3802 981 3852 Acthicus
993 3798 1209 3862 Cosmographiae

108 3892 196 3936 auctor
213 3885 363 3948 appellatur,
382 3899 470 3934 omnes
489 3893 573 3936 autem
591 3886 692 3936 codices
709 3885 736 3934 in
754 3885 803 3936 fine
819 3889 902 3952 operis
914 3889 977 3938 haec
989 3886 1067 3937 verba
1078 3884 1215 3936 exhibent:

105 3972 238 4042 „Explicit
255 3972 319 4022 liber
330 3971 414 4021 Ethici
430 3971 576 4036 philosophi
593 3973 778 4036 cosmographi,
796 3975 899 4026 natione
912 3973 1038 4038 Scythica,
1057 3971 1136 4021 nobili
1152 3988 1209 4036 pro-

109 4060 181 4122 sapia
197 4065 338 4122 parentum.
375 4058 422 4108 Ab
447 4073 483 4109 ao
508 4060 589 4109 enim
606 4059 722 4108 Ethica
739 4059 948 4124 Philosophia
970 4075 986 4108 a
1007 4059 1141 4122 reliquis
1160 4075 1210 4110 sa-

109 4146 273 4208 pientibus
301 4146 456 4208 originem
483 4143 614 4212 traxitf‘.
657 4145 745 4208 Itaque
773 4153 902 4196 auctorem
934 4153 1049 4195 nostrum
1076 4154 1211 4210 propteroa

22 4217 27 4228 ’
112 4233 181 4293 quod
200 4233 314 4291 „ethicae
332 4231 525 4296 philosophiac“
544 4232 659 4282 addictus
677 4240 731 4283 erat
742 4233 846 4283 Ethici
865 4233 1015 4296 cognomine
1033 4235 1154 4284 donatum
1173 4232 1211 4281 fu-

112 4318 162 4367 isse
180 4319 304 4382 suspicor,
323 4319 434 4380 quamvis
453 4319 529 4368 hodie
548 4319 580 4369 dc
597 4319 645 4369 hac
662 4334 690 4370 re
708 4319 771 4370 nihil
788 4321 850 4372 certi
867 4320 1051 4371 affirmaverim.
1079 4385 1092 4400 ·
