2780 5092
757 419 820 484 152

237 591 366 674 insulas,
389 589 562 676 Cassiopas
585 598 618 654 et
633 589 838 673 Liburnicas,
860 589 1086 655 vicinarum
1110 607 1266 654 suarum
1287 609 1334 650 re·

237 695 429 782 petendum“
454 702 515 759 etc.
561 692 645 758 Ibid.
669 694 774 760 v.11:
808 693 1096 776 ,Lacedaemonia
1118 689 1284 755 Pannonia
1303 697 1335 752 et

236 798 396 862 Histria
424 803 500 881 post
528 795 764 862 celeberrimam
787 793 959 862 Graeciam
988 818 1149 861 suarum
1172 813 1335 879 genera-

237 902 392 965 tionum
414 907 602 985 repetens
625 899 690 963 ait“
715 907 776 965 etc.
810 899 934 964 Ibidem
948 923 979 962 v.
998 899 1054 966 16:
1081 895 1254 980 „Quantae
1276 894 1336 956 cla-

237 1003 294 1066 des
315 1003 350 1065 in
364 1001 631 1085 Lacedaemonia,
653 1000 776 1066 Norico
799 1010 832 1067 et
847 1001 1024 1084 Pannonia,
1046 999 1214 1066 Histria
1235 1004 1268 1060 et
1282 995 1337 1060 A]-

237 1105 349 1189 bania,
377 1106 537 1170 vicinae
558 1127 666 1170 meae
687 1105 1069 1192 septentrionalium
1091 1103 1335 1190 regiones...

238 1229 312 1272 cum
340 1208 447 1272 taedio
476 1208 583 1274 cordis
611 1207 673 1272 mei
702 1217 843 1296 stragem
866 1208 1031 1273 sobolis·
1046 1206 1122 1272 mei
1145 1226 1246 1291 cogor
1267 1221 1337 1286 prc-

138 1309 141 1316 ’
235 1310 377 1395 palare“.
423 1309 658 1397 Pagasas:
695 1309 1338 1398 ,Quidsobolesignaviaemeae

237 1415 388 1478 meruerit
410 1435 474 1478 non
494 1415 766 1499 praetermittam,
789 1435 887 1498 quum
910 1435 948 1479 eo
970 1423 1115 1499 tempore
1138 1403 1338 1496 captivati

236 1515 283 1579 ab
305 1517 469 1581 Histria
492 1513 665 1600 Cassiopea
687 1515 807 1580 insulas
829 1517 1048 1600 peruenerint,
1160 1521 1195 1578 et
1216 1527 1340 1591 usquc

235 1616 275 1678 in
304 1615 405 1681 diem
434 1617 672 1680 nativitatis
701 1637 811 1680 meae
840 1618 927 1682 culta
954 1637 1037 1700 quae
1064 1615 1186 1680 dudum
1213 1612 1342 1675 fuerant

233 1717 268 1782 in
289 1717 493 1783 solitudinem
514 1717 647 1783 redacta
669 1722 774 1784 sunt“.

321 1834 376 1899 Ex
396 1833 448 1898 his
469 1832 568 1919 igitur
588 1834 669 1899 locis
685 1821 746 1900 etsi
759 1834 794 1897 in
807 1833 995 1918 Histriam)
1011 1841 1118 1900 ortum
1131 1831 1231 1898 fuisse
1245 1826 1338 1894 Ethi-

235 1959 309 2002 oum
331 1935 409 2002 satis
432 1937 576 2021 apparet,
597 1945 705 2001 tamen
726 1934 814 2002 haud
835 1937 881 2001 ita
901 1937 1106 2030 perspicuum
1128 1944 1190 2019 est,
1212 1932 1337 1998 cuinam

234 2040 437 2126 potissimum
453 2039 575 2102 nationi
593 2062 666 2104 eum
683 2040 889 2124 assignemus.
920 2039 1048 2104 Etenim
1067 2061 1164 2121 quum
1183 2032 1337 2118 antiquis-

235 2143 323 2207 simis
345 2138 542 2224 temporibus
568 2147 636 2203 tum
663 2141 798 2204 saeculis
826 2135 900 2226 post
922 2137 1087 2205 Christum
1115 2147 1228 2204 natum
1249 2136 1339 2222 prio·

234 2243 322 2309 ribus
345 2242 483 2326 quinque
504 2242 594 2328 regio
623 2242 678 2307 illa
706 2242 1078 2329 gentium'barbararum
1099 2238 1335 2307 incursionibus

234 2347 361 2431 saepius
375 2344 563 2426 vexabatur,
579 2345 698 2431 quippe
713 2367 794 2429 quae
808 2364 874 2410 non
888 2346 990 2410 solum
1001 2345 1187 2412 Pannoniae
1201 2343 1336 2409 finitima

234 2455 334 2530 esset,
360 2449 472 2511 veurm
495 2448 592 2512 etiam
614 2447 656 2510 ad
676 2447 808 2512 Italicas
831 2448 1013 2532 provincias
1034 2449 1247 2514 fertilissimas
1269 2443 1335 2509 adi·

234 2559 304 2616 tum
325 2550 511 2615 facillimum
533 2551 710 2636 praeberet.
750 2549 860 2632 Quare
875 2551 997 2618 factum
1012 2559 1072 2634 est,
1093 2560 1130 2615 ut
1151 2553 1185 2616 in
1207 2550 1269 2615 hac
1288 2546 1334 2611 di-

232 2653 486 2736 versissimorum
507 2653 699 2739 populorum
722 2675 818 2719 arena
841 2655 931 2738 quasi
949 2663 981 2718 et
994 2655 1155 2739 palaestra
1170 2655 1240 2720 aliis
1255 2661 1333 2718 tem·

233 2755 363 2842 poribus
391 2743 536 2821 nationes
563 2757 645 2822 aliae
674 2756 765 2821 sedes
794 2755 1002 2824 collocarent:
1034 2755 1172 2822 Liburni
1200 2755 1333 2832 scilicet,

231 2857 352 2944 Illyrii,
375 2853 479 2941 Galli,
502 2856 686 2940 Sarmatae,
707 2857 859 2940 Iazyges,
877 2853 1047 2937 Germani,
1063 2855 1214 2942 ⁴Scythae
1237 2866 1333 2940 atque

233 2959 352 3028 Sclavi.
391 2959 444 3024 De
464 2959 516 3026 his
538 2971 644 3026 autem
666 2957 813 3046 gentibus
835 2964 867 3022 et
890 2979 999 3022 eorum
1019 2958 1114 3023 factis
1137 2960 1216 3024 certi
1240 2957 1334 3042 quid-

232 3086 328 3149 quam
352 3063 544 3128 constituere
568 3073 606 3128 eo
629 3061 787 3126 difficilius
810 3067 875 3140 est,
904 3083 968 3144 quo
994 3061 1098 3148 magis
1121 3061 1161 3126 ab
1184 3059 1333 3126 omnibus

230 3167 296 3230 fere
324 3173 468 3229 veterum
498 3165 707 3250 scriptoribus
735 3159 953 3227 incredibilem
981 3163 1015 3228 in
1044 3163 1175 3229 modum
1200 3165 1330 3230 confim-

231 3267 350 3333 duntur
360 3267 434 3350 8⁴⁹);
465 3289 581 3354 operae
608 3276 715 3331 tamen
736 3265 874 3351 pretium
897 3265 958 3331 erit
979 3267 1171 3352 periclitari,
1199 3263 1227 3335 si
1248 3270 1329 3332 forte

229 3371 383 3458 indagare
404 3383 573 3457 possumus
596 3391 635 3434 ex
658 3389 795 3452 quanam
814 3369 1013 3455 superiorum
1029 3372 1222 3456 processisse
1237 3368 1328 3437 Ethi-

230 3495 286 3537 cus
309 3473 463 3538 dicendus
486 3471 605 3553 sitm).

229 3637 428 3650 .-..-.,......,-

298 3728 365 3794 348)
384 3731 542 3784 Provinciam
559 3735 671 3800 intellige
684 3751 750 3799 eam,
769 3753 833 3802 quae
845 3738 967 3788 Venetiae
984 3740 1050 3792 inter
1068 3748 1094 3790 et
1105 3740 1264 3792 Pannoniam
1282 3739 1325 3788 sita

228 3827 279 3882 est3
302 3819 348 3868 cfr.
367 3819 485 3870 Ethicum
501 3835 560 3884 pag.
574 3819 639 3884 491,
662 3838 686 3871 v.
699 3821 745 3883 263
774 3822 839 3884 511,
857 3839 879 3871 v.
895 3821 940 3884 133
969 3823 1034 3886 532,
1053 3825 1120 3876 v.1l
1142 3834 1167 3876 et
1187 3826 1228 3876 16.

297 3919 365 3984 sla)
383 3923 429 3972 cfr.
447 3922 478 3971 B.
492 3922 522 3973 G.
534 3923 656 3986 Niebuhr,
675 3925 798 3987 Vortrtge
816 3925 879 3974 iiber
896 3925 946 3974 alte
964 3925 1078 3975 Ltnder·
1097 3943 1121 3976 u.
1138 3927 1322 3981 Vblkcrkunda

227 4007 433 4073 herausgageben
450 4024 500 4060 von
517 4009 552 4059 M.
571 4011 642 4060 Isler.
678 4011 765 4060 Berlin
787 4007 863 4070 1851,
881 4004 917 4058 8⁰.
953 4025 1012 4074 pag.
1026 4009 1085 4061 302.

298 4106 365 4169 350)
384 4110 503 4160 Ethicum
521 4112 589 4160 enirn
606 4112 777 4176 Romanum
799 4125 851 4162 non
874 4110 953 4160 fuisse
972 4125 1050 4173 quum
1068 4114 1119 4162 iam
1137 4127 1169 4163 aa
1187 4129 1220 4164 ex
1238 4129 1265 4164 ra
1282 4127 1322 4176 pa-

225 4197 289 4252 teat,
318 4196 385 4254 quod
405 4193 633 4262 Cosmographiam
650 4211 753 4259 graeca,
775 4195 934 4255 nantarius,
957 4195 1044 4259 lingua
1065 4201 1208 4264 composuit
1226 4231 1260 4239 -
1278 4209 1323 4260 qua
