2784 5106
594 494 634 564 15

51 671 247 756 ostendunt,
268 669 432 738 intellectu
452 689 531 736 sane
548 667 738 752 difficillimi,
759 669 794 734 ni
814 668 1005 736 medicinam
1026 669 1168 756 aliquam

53 777 218 842 attuleris.
262 773 312 840 Ut
333 781 440 840 autem
463 781 572 840 cetera
592 781 729 856 taceam,
755 779 901 857 spectant
922 772 986 840 huc
1007 781 1041 840 et
1061 773 1167 860 prima

55 877 337 966 cosmographiae
359 886 393 943 et
414 885 558 944 extrema
580 875 688 961 verba,
711 897 794 963 quae
817 882 904 940 certe
926 877 988 941 alio
1004 875 1100 941 modo
1117 877 1166 942 in·

53 983 175 1048 stituta
203 990 295 1048 erant
320 982 354 1047 iu
382 981 569 1068 archetypo.
621 978 712 1062 Quid
740 979 825 1044 enim
854 977 917 1045 sibi
944 979 1045 1044 velint
1070 1001 1167 1046 voces

56 1085 251 1172 „Excerpta
272 1085 357 1152 eius
373 1083 557 1171 Sphaerae“
581 1083 616 1150 id
637 1084 732 1169 plane
746 1104 812 1147 non
826 1081 987 1170 intellig03
1010 1083 1072 1150 nisi
1086 1081 1168 1146 forte

54 1211 171 1254 veram
192 1187 268 1254 Iulii
291 1186 439 1254 Oratoris
462 1184 764 1274 Cosmographiam,
788 1192 821 1250 et
849 1185 902 1252 cui
924 1183 1089 1272 Sphaerae
1110 1207 1168 1250 no-

55 1315 138 1356 men
165 1299 253 1373 erat,
286 1289 367 1355 haee
396 1289 545 1373 discipuli
572 1289 737 1374 Excerpta
770 1289 804 1352 in
835 1290 1009 1375 exemplari
1038 1287 1167 1374 quidem

57 1402 172 1458 vetere
192 1393 421 1479 praecessisse,
450 1389 566 1457 deinde
592 1412 669 1456 vero
696 1389 954 1477 praetermissam
976 1412 1046 1456 esse
1069 1391 1168 1455 conii-

55 1497 194 1562 ciemus.
875 1567 877 1574 ,

149 1598 265 1684 Neque
286 1605 394 1664 tamen
415 1598 450 1663 in
471 1598 555 1664 hanc
577 1597 768 1670 sententiam
789 1596 882 1663 nobis
904 1596 1084 1664 abeundum
1107 1605 1166 1679 est„

55 1725 136 1767 nam
159 1702 259 1782 verba
279 1702 335 1767 illa
356 1702 478 1789 optime
500 1725 534 1769 se
555 1702 677 1769 habeut
698 1702 726 1767 si
748 1701 783 1766 iu
804 1723 876 1767 eum
897 1702 1003 1767 locum
1018 1709 1167 1785 transpo-

56 1814 192 1890 nuntur,
208 1828 301 1891 quem
316 1806 349 1870 in
365 1805 541 1894 archetypo
556 1806 771 1872 obtinuerunt.
800 1804 902 1873 Sunt
924 1805 1026 1874 enim
1042 1802 1166 1870 verba

57 1908 325 1994 excerptoris
346 1909 453 1995 ipsa,
474 1917 508 1976 et
531 1907 753 1996 coniungenda
775 1929 848 1974 cum
864 1909 1016 1977 extremis
1031 1905 1166 1974 Cosmo-

54 2011 230 2100 graphiae3
254 2011 479 2096 quare-locum
500 2012 549 2078 ita
570 2009 802 2078 emendandum
823 2021 913 2098 puto.

151 2113 321 2199 „Quatucr
342 2135 532 2182 oceanorum
556 2114 753 2181 continentia
774 2114 907 2201 explicit
920 2115 986 2198 ¹¹¹).

259 2217 422 2305 Incipiunt
442 2219 678 2305 Excerptcrum
699 2217 789 2284 haec.

147 2320 314 2408 Excerpta
341 2321 408 2387 eius
430 2321 612 2408 Sphaerae,
640 2321 692 2387 vel
714 2321 926 2405 continentia,
953 2327 1087 2408 propter
1108 2319 1166 2384 ali·

55 2445 142 2510 quos
165 2424 328 2489 anfractus
349 2447 390 2488 ne
411 2424 609 2490 intellectum
625 2423 709 2487 forte
722 2425 858 2510 legentis
871 2423 1048 2508 perturbet,
1070 2429 1103 2488 et
1117 2422 1165 2488 vi-

54 2529 108 2591 tio
126 2526 219 2592 uobis
235 2547 274 2590 ac
287 2524 427 2610 posteris
441 2526 500 2607 ¹¹²)
515 2531 612 2606 esset,
626 2522 679 2586 hic
695 2522 928 2610 excerpendam
941 2523 1053 2606 [scilic.
1069 2546 1178 2606 eam,'

56 2630 81 2694 i.
106 2651 135 2694 e.
159 2626 401 2712 continentiam]
417 2627 469 2712 111)
500 2625 569 2692 esse
592 2612 793 2695 credidimus.
838 2626 885 2692 Et
910 2634 949 2691 ut
974 2623 1056 2690 haec
1083 2624 1167 2690 ratio

56 2731 104 2798 ad
126 2730 317 2818 compendia
336 2731 400 2797 istu
422 2730 562 2796 deducta
582 2729 616 2794 in
637 2729 758 2794 nullum
781 2753 920 2796 errorem
942 2729 1054 2796 cadat:
1082 2729 1166 2794 sicut

57 2859 79 2901 a
102 2835 257 2924 magistro
279 2835 401 2900 dictum
423 2842 490 2917 est,
517 2833 570 2897 hic
595 2832 677 2898 liber
697 2832 933 2922 Excerptorum
955 2833 997 2900 ab
1020 2831 1166 2918 sphaera

56 2962 101 3006 ne
123 2947 299 3026 separetur.
345 2937 529 3023 Sequuntur
551 2936 635 3002 enim
657 2938 847 3024 compendia
874 2959 956 3022 quae
982 2937 1065 3001 inira
1086 2938 1164 3000 scri-

56 3051 118 3130 pta
138 3042 274 3108 videbis.
321 3041 485 3125 Quotam,
512 3050 550 3106 ut
577 3040 692 3107 iterum
716 3039 839 3124 dicam,
867 3061 1060 3106 oceanorum
1081 3039 1166 3104 ratio

56 3169 124 3211 uon
145 3144 439 3232 praetermittenda.

149 3247 234 3315 Sunt
250 3248 334 3313 enim
350 3269 409 3332 per
425 3245 534 3312 orbem
551 3255 654 3314 totum
668 3254 773 3312 terrae
788 3265 896 3312 cosmo
912 3245 954 3330 (1)
971 3243 1164 3333 Cosmogra-

133 3440 200 3506 111)
221 3443 332 3496 Gronov.
350 3445 368 3494 1.
386 3459 408 3494 c.
427 3459 484 3508 pag.
497 3443 556 3495 701.

133 3527 262 3592 112)sie
279 3531 417 3596 legendum
433 3544 481 3593 pro
499 3538 616 3593 corrupta
635 3534 729 3584 codicis
747 3531 856 3584 lectione
875 3525 1163 3594 ‚,Acfls0sT1ffls“;

59 3617 162 3667 codices
180 3619 306 3669 secundae
319 3615 484 3678 recensionis,
501 3621 531 3665 ut
541 3613 626 3666 iocum
637 3618 771 3669 obscurum
783 3619 926 3679 emendent,
943 3619 1024 3667 varias
1036 3617 1163 3667 coniectu-

59 3717 103 3754 ras
119 3703 259 3766 proferunt,
277 3706 355 3756 scilic
372 3703 464 3766 „nobis
481 3699 704 3754 adscribetur“
722 3704 785 3755 cna
795 3706 877 3756 Vatia.
891 3702 968 3754 3811.
982 3703 1164 3754 CodPaletin.

60 3787 123 3840 1173.
147 3789 212 3842 cod.
229 3791 366 3842 Hernicus.
385 3789 446 3842 357.
466 3798 494 3842 et
512 3789 603 3853 „uobis
620 3791 743 3840 atrocia
759 3788 859 3846 essent“
878 3790 943 3844 cod.
960 3790 1067 3840 Peterin.
1086 3785 1164 3838 1357.

60 3884 87 3928 et
106 3875 170 3928 Cod.
182 3877 330 3928 Monoecus.
341 3877 439 3928 Victor.
458 3875 520 3929 ide.
549 3876 646 3930 Sensus
663 3884 748 3928 autem
765 3885 816 3929 est:
835 3879 980 3942 ,Excerpts
995 3891 1054 3926 mea
1071 3874 1164 3936 addidi,

61 3978 93 4012 ne
110 3963 239 4013 anfractus
258 3964 341 4030 operis
360 3965 428 4026 quod
444 3964 491 4015 Iul.
511 3965 639 4015 Honorius
657 3964 814 4028 conscripsit,
832 3973 858 4016 et
876 3965 944 4028 quod
962 3963 1080 4027 equidem
1096 3974 1163 4010 nuuc

60 4049 170 4112 primum
190 4049 306 4113 publicae
324 4050 444 4100 scientiae
467 4051 557 4114 obtuli,
581 4067 684 4104 sensum
704 4051 861 4116 singulorum
877 4052 992 4102 locorum
1009 4047 1163 4114 perturbent

60 4149 123 4184 neve
145 4135 194 4185 hac
213 4149 241 4186 re
264 4143 290 4186 et
309 4151 358 4200 ego
376 4145 402 4187 et
419 4136 463 4200 qui
480 4146 570 4202 postea
588 4137 815 4204 Cosmographinm
832 4137 898 4189 sorte
915 4137 1033 4202 legerint,
1055 4136 1083 4186 in
1103 4135 1164 4186 vitia

61 4227 88 4271 et
103 4235 201 4272 encres
217 4218 401 4274 adducemnr“.

133 4303 202 4367 113)
219 4307 277 4360 Sive
294 4317 322 4362 tu
338 4309 476 4374 legendum
491 4317 565 4375 putes
583 4306 785 4377 ‚‚exeerpenda“
804 4308 870 4374 (seii.
887 4307 1035 4378 meana).
