2784 5106
770 511 812 576 50

238 717 349 762 vacua.
395 691 571 773 Hucusque
599 685 701 752 codex
730 683 844 751 eadem
870 679 988 748 sseetnli
1011 679 1091 746 XV.
1114 703 1214 746 manu
1238 705 1351 750 exars-

238 809 291 866 &1⁸
313 807 371 966 eli.
419 896 572 982 Sequitur
594 893 658 958 slis
678 913 775 958 manu
797 889 1030 975 conscriptum:
1071 885 1210 971 „INO.
1236 889 1349 958 (3Εο.

240 1002 373 1072 METR
385 1051 393 1066 .
406 994 669 1066 MARTIALIS
679 999 707 1060 “.

327 1106 391 1174 ΠΙ.
427 1104 498 1170 Iam
528 1123 609 1187 quoe
636 1104 812 1183 sequuntur
840 1117 937 1160 manu
958 1095 1096 1162 Arunldi
1124 1095 1166 1160 de
1189 1095 1350 1164 Steccans

241 1212 282 1278 de
296 1209 439 1277 Brlnella
455 1214 587 1272 exarata
606 1211 680 1270 sunt
693 1199 756 1266 HI.
771 1198 846 1264 Kal.
863 1199 962 1265 Mart.
979 1200 1054 1266 annii
1071 1201 1168 1268 toll.
1185 1201 1329 1268 scilicet:

339 1307 598 1398 Oosmographia
633 1304 805 1390 Pomponii
838 1303 954 1384 Melle;
997 1343 1038 1354 --
1078 1305 1262 1370 Annototio
1298 1328 1347 1369 ur·

243 1419 331 1485 bium
354 1424 449 1500 atque
471 1413 615 1500 provinc.
628 1409 746 1477 Gellio.
763 1431 836 1472 cum
850 1408 1028 1496 privilegiis
1048 1409 1129 1487 suis;
1146 1445 1186 1454 —
1204 1407 1348 1474 Nomina

240 1522 383 1587 omnium
405 1516 657 1602 provinciarum
675 1551 716 1562 -
732 1511 867 1579 Summa
888 1509 1063 1596 descriptio
1086 1510 1174 1576 orbis
1191 1519 1281 1578 terre
1296 1537 1347 1578 no

241 1632 306 1690 stre
328 1619 521 1687 habitabilis.
569 1616 716 1699 „Nostro
745 1623 828 1680 terre
853 1613 1038 1681 habitabilis
1059 1617 1139 1682 situs
1163 1662 1346 1682 ...........

239 1747 340 1811 usque
363 1722 406 1788 ad
427 1729 580 1804 utrosque
602 1719 694 1805 polos
718 1717 874 1783 zodiaci“.

328 1825 385 1892 Ad
413 1825 535 1890 onlnem
561 1823 635 1888 libri
665 1821 781 1905 „Finis
811 1820 864 1886 die
888 1822 917 1889 6.
934 1821 1057 1906 Aprilis
1082 1821 1178 1890 1484.
1200 1843 1260 1908 per
1284 1824 1347 1888 Ar·

239 1929 372 1998 nsldum
395 1929 436 1994 de
459 1927 615 1996 Steccans
637 1924 678 1991 de
700 1925 861 1990 Bruxelle
907 1923 1078 2011 Neapoli“.

327 2137 427 2202 Hune
452 2135 552 2220 igitur
581 2131 727 2197 codicem
753 2139 866 2195 netum
896 2153 965 2196 esse
994 2153 1034 2197 ex
1055 2131 1215 2198 secundae
1237 2155 1347 2200 recen-

240 2240 339 2308 sionis
360 2237 468 2318 libris,.
484 2256 582 2319 quum
603 2234 670 2298 iam
691 2233 822 2316 reliquis
837 2255 877 2299 ex
893 2235 999 2300 causis
1017 2257 1094 2320 quas
1109 2237 1278 2303 attulimus
1294 2263 1348 2325 ap-

239 2348 371 2429 pareat,
393 2347 463 2404 tum
486 2361 525 2416 ee
547 2361 588 2404 ex
608 2359 644 2402 re
666 2336 842 2423 colligitur,
865 2336 953 2420 quod
974 2338 1106 2424 Didymi
1127 2359 1247 2404 nomen
1270 2345 1348 2408 reti-

241 2443 319 2510 nuit.
367 2440 442 2526 Qua
469 2443 503 2508 in
531 2463 567 2507 re
594 2438 770 2506 notandum
801 2447 867 2523 est,
894 2439 1058 2507 librarium
1078 2439 1196 2506 codicis
1219 2479 1264 2490 -—
1292 2449 1352 2532 qui

240 2550 274 2614 in
302 2545 560 2636 Cosmogrephie
595 2543 804 2612 describenda
838 2567 899 2630 pro
932 2544 1060 2632 ingenio
1089 2567 1144 2610 suo
1160 2544 1219 2610 ¹ite
1246 2569 1351 2636 saepe

240 2661 386 2720 versatus
410 2660 475 2732 est,
502 2658 540 2714 ut
560 2648 662 2712 multe
683 2649 757 2712 stilo
779 2648 1020 2712 immutaret-
1052 2648 1196 2734 quemvis
1217 2650 1254 2716 in
1277 2652 1349 2738 ipso

240 2755 316 2821 Iulii
337 2752 477 2818 Honorii
493 2773 594 2835 opere
615 2771 797 2816 mensuram
818 2760 923 2817 terroe
944 2754 1056 2838 paucis
1078 2752 1184 2818 verbis
1206 2752 1349 2823 breviter

230 2854 477 2950 persuinxeritz'
497 2853 606 2918 locum
629 2860 723 2918 antea
744 2856 908 2940 omissum,
931 2856 1063 2942 speciali
1076 2857 1170 2922 titulo
1186 2867 1347 2941 ornatum,
1377 2869 1378 2894 ¹

239 2966 315 3046 post
339 2957 619 3043 „Descriptionem
641 2957 730 3024 urbis
752 2959 896 3026 Romse“
925 2960 1132 3045 supplevisse.
1179 2959 1348 3042 Quaeres

241 3071 327 3130 certe
355 3063 417 3128 alio
444 3061 540 3128 modo
568 3061 717 3127 instituta
738 3071 807 3128 erat
828 3064 862 3128 in
884 3064 986 3128 nostri
1008 3063 1129 3129 codicis
1151 3063 1345 3154 archetypo.

239 3165 387 3247 Denique
408 3186 487 3230 vero
509 3165 599 3231 locus
620 3166 674 3231 ille
697 3164 737 3230 de
749 3164 860 3231 Tiberi
880 3165 1051 3232 fluviorum
1072 3175 1207 3255 regest
1230 3168 1273 3235 de
1287 3171 1346 3236 Pe

239 3267 283 3333 tri
305 3274 400 3352 atque
420 3266 515 3334 Pauli
537 3268 769 3354 Apostolorum
791 3268 893 3354 portis
909 3271 961 3351 ¹⁷²)
986 3271 1106 3337 iamin
1129 3270 1243 3338 codice
1267 3274 1347 3340 Bor-

239 3369 355 3438 bonico
369 3372 538 3458 reperitur,
556 3373 712 3435 incertum
727 3393 804 3435 num
818 3372 932 3438 tertiae
947 3375 1141 3441 recensionis
1155 3374 1347 3442 tribuendus

239 3475 282 3538 sit
310 3476 451 3557 auctori,
475 3497 517 3540 en
543 3472 577 3535 in
603 3468 821 3542 Oasanatense
847 3476 977 3546 iamiam
1005 3487 1039 3544 et
1067 3479 1135 3544 eius
1164 3479 1346 3568 archetypo

238 3575 375 3640 infuerit
420 3576 474 3641 Ex
502 3574 565 3640 hoc
590 3583 703 3642 nostro
727 3587 834 3647 autem
854 3581 954 3664 libro,
977 3580 1012 3645 id
1034 3589 1083 3647 est
1105 3603 1146 3647 ex
1169 3586 1346 3670 exemplari

239 3679 324 3761 eius,
361 3678 501 3764 reliquos
529 3679 643 3746 terties
665 3687 859 3754 recensionis
882 3705 992 3751 omnes
1020 3683 1128 3750 locum
1142 3685 1248 3752 ‚illum
1281 3712 1347 3756 sus

239 3783 362 3870 cepisse
384 3789 507 3848 certum
530 3791 586 3848 est.

238 3936 437 3946 ψ

309 4013 378 4080 172)
396 4015 441 4067 cfr.
462 4016 572 4069 Gronov.
591 4033 649 4084 pag.
663 4015 722 4066 7¹6.
