2784 5106
764 512 807 578 22

342 713 415 756 rum
437 709 521 754 saec.
536 687 589 769 X3
614 723 652 736 -·-
678 685 875 775 Fragmenta
897 683 1061 752 eValerio
1083 685 1232 754 Maximo
1255 711 1346 758 saec.

344 792 430 872 XV;
452 829 493 840 -
516 789 634 858 Vibius
656 788 829 875 Seqnestcr
850 811 933 856 saec.
949 788 1035 870 XV3
1052 827 1094 838 -
1116 790 1280 860 Aetbicus
1306 796 1349 862 ab

343 896 544 983 Hieronymo
567 894 742 960 translatus
763 915 847 960 saec.
863 893 953 975 XII;
978 931 1019 942 —
1048 893 1246 982 Aenigmata
1273 899 1348 966 lan·

344 998 521 1088 gobardico
545 997 730 1063 charactere
752 1005 900 1079 crarata3
924 1035 966 1047 -
989 997 1181 1084 Anonymus
1203 997 1246 1065 de
1266 1026 1347 1089 pro-

344 1104 483 1190 prietate
504 1100 752 1188 provinciarum,
775 1122 859 1166 saec.
875 1099 972 1168 XIV.

322 1206 388 1273 Hic
418 1214 525 1271 autem
553 1204 650 1288 liber,
683 1201 770 1288 quod
798 1225 897 1290 supra
925 1203 1147 1292 exposuimus,
1175 1209 1346 1294 exemplar

233 1313 340 1398 ipsum
362 1309 436 1376 Iulii
459 1306 607 1374 Oratoris
628 1308 786 1392 nonfuit,
809 1309 868 1374 sed
890 1333 931 1376 ex
951 1311 1006 1378 illo
1028 1319 1136 1376 tamen
1158 1311 1345 1398 exscriptus

234 1424 292 1480 est.
339 1411 438 1496 Quod
459 1421 497 1478 ut
518 1420 697 1478 statuamus
719 1433 758 1476 eo
781 1409 991 1498 adducimur,
1018 1414 1093 1500 qnia
1121 1413 1215 1479 alium
1240 1413 1346 1482 huius

233 1517 428 1582 recensionis
450 1515 594 1580 codicem
615 1536 680 1579 non
702 1513 936 1603 indagavimus,
959 1526 992 1582 et
1014 1517 1101 1602 quod
1124 1540 1163 1583 ex
1178 1515 1238 1582 hoc
1251 1516 1346 1585 libro

234 1641 344 1685 omnes
373 1617 532 1684 secundas
560 1625 656 1701 atque
682 1618 796 1684 tertiae
817 1620 1011 1687 recensionis
1033 1620 1161 1687 codices
1183 1619 1248 1686 sine
1271 1622 1345 1689 ullo

235 1723 332 1790 dubio
355 1722 418 1788 orti
441 1729 531 1804 sunt,
561 1735 661 1806 qnam'
682 1745 751 1786 rem
776 1722 824 1788 ita
845 1745 915 1790 csse
936 1723 1020 1789 infra
1041 1723 1344 1792 demonstrabimus.

235 1823 366 1896 Codicis
389 1833 496 1891 autem
518 1825 620 1890 nostri
642 1825 855 1913 archetypum
880 1830 929 1914 (ut
951 1825 1103 1894 credibile
1125 1832 1199 1913 est),
1221 1837 1254 1894 et
1272 1828 1346 1894 for·

170 1953 174 1958 ’
233 1937 319 1996 tasse
341 1930 446 2017 ipsum
467 1929 542 1995 Iulii
563 1927 701 1994 Honorii
724 1926 874 1997 Oratoris
897 1932 1029 1998 —sive
1056 1932 1165 2018 potins
1190 1931 1345 2018 discipuli

234 2073 276 2083 —
299 2035 473 2121 exemplar,
495 2032 576 2099 liber
598 2032 679 2098 alius
702 2041 772 2098 erat
795 2033 835 2100 de
858 2057 921 2119 quo
937 2032 1149 2099 Cassiodorus
1164 2035 1320 2119 loquitur.

324 2141 353 2205 1.
399 2135 538 2202 Oodex
561 2132 818 2219 Cassiodori,
847 2158 930 2201 saec.
950 2135 991 2200 V.
1023 2143 1172 2201 exaratus
1198 2138 1250 2222 (i)
1283 2140 1344 2204 cfr.

234 2240 275 2306 de
296 2241 358 2305 hoc
383 2239 469 2305 libro
495 2237 595 2304 verba
616 2236 804 2308 Cassiodori
818 2239 888 2320 ¹²¹):
918 2236 1100 2320 „Libellum
1120 2237 1195 2302 Iulii
1218 2238 1347 2308 Orato-

232 2344 288 2426 ris,
311 2363 406 2428 quem
423 2342 516 2410 vobis
533 2343 658 2428 reliqui,
679 2342 821 2412 studiose
834 2341 941 2429 legere
954 2339 1127 2406 festinetis:
1150 2340 1207 2422 qui
1222 2346 1348 2428 maria,

232 2447 362 2530 insulas,
385 2455 510 2513 montes
528 2448 679 2531 famosos,
701 2445 893 2535 provincias,
916 2445 1073 2528 civitates,
1093 2441 1233 2522 flumina,
1256 2467 1332 2528 gen

231 2559 294 2635 tes,
317 2552 363 2618 ita
378 2551 573 2637 quadrifaria
589 2551 793 2618 distinctione
808 2551 994 2638 complexus
1010 2557 1070 2633 est,
1090 2554 1127 2610 ut
1140 2565 1240 2631 paene
1254 2546 1349 2615 nibil

232 2653 314 2720 libro
336 2655 399 2738 ipsi
421 2654 515 2738 desit,
537 2654 625 2739 qnod
646 2651 688 2719 ad
704 2651 942 2740 Cosmographi
964 2654 1112 2718 notitiam
1133 2649 1349 2734 cognoscitur

233 2756 423 2840 pertinere“.

322 2854 414 2939 Quas
437 2867 544 2926 autem
566 2883 607 2927 ex
629 2859 741 2927 codice
762 2855 982 2938 manuscripto
1002 2853 1038 2918 in
1051 2850 1149 2917 Notis
1163 2849 1206 2916 ad
1220 2851 1343 2943 Pomp.

233 2961 342 3027 Melae
363 2962 479 3029 librum
500 2963 571 3048 ΠΙ,
598 2985 668 3050 cap.
689 2962 717 3027 Ι.
734 2963 790 3038 ¹²²)
814 2966 847 3022 et
868 2955 910 3022 ad
932 2955 987 3022 lib.
1010 2954 1081 3039 III,
1110 2977 1181 3042 cap.
1202 2955 1268 3022 lx.
1284 2962 1342 3044 ¹²⁸)

233 3065 366 3133 Isaacus
387 3067 525 3134 Vossius
547 3067 588 3134 de
609 3068 714 3132 Durio
736 3061 866 3128 flumine
892 3058 987 3125 etde
1009 3057 1121 3125 Nilots
1143 3060 1271 3144 scribit,
1303 3086 1343 3128 ea

234 3193 275 3235 ex
296 3171 426 3236 meliore
449 3171 588 3256 quodam
607 3170 702 3235 huius
717 3163 910 3234 recensionis
934 3163 1015 3252 (sive
1028 3163 1105 3230 Iulii
1119 3163 1256 3230 Honorii
1270 3163 1342 3230 Ex-

236 3276 429 3360 cerptorum)
459 3275 541 3342 libro
569 3274 738 3360 depromta
765 3293 830 3336 non
858 3278 950 3353 sunt,
978 3277 1016 3336 ut
1043 3269 1114 3335 vult
1134 3266 1341 3334 Christianus

232 3377 471 3462 Petersen¹²⁴),
501 3377 558 3445 sed
587 3397 627 3442 ex
656 3374 780 3456 codice,
798 3373 973 3440 Parisiensi
995 3372 1149 3441 Biblioth.
1171 3370 1338 3436 Nationsl.

234 3481 399 3568 Supplem.
417 3483 491 3552 685.
515 3501 598 3548 saec.
614 3475 678 3542 IX.
702 3479 758 3564 qui
781 3479 911 3566 quidem
934 3477 976 3545 ad
990 3476 1163 3544 secundam
1177 3477 1339 3540 recensio-

232 3605 306 3649 nem
327 3588 465 3672 pertinet
478 3587 551 3667 121),
577 3591 612 3648 et
639 3605 679 3649 ex
709 3583 780 3652 cod.
803 3585 907 3652 Paris.
931 3581 1027 3649 4871.
1050 3597 1134 3643 saec.
1155 3573 1219 3639 XL
1243 3587 1339 3644 antea

232 3685 388 3754 Thuaneo
402 3691 467 3774 ¹⁸⁰).

304 3902 372 3968 121)
390 3908 407 3957 1.
426 3921 504 3970 snpra
520 3908 631 3959 laudato.

302 3990 368 4054 122)
387 3993 433 4044 cir.
442 3993 533 4055 Pomp.
542 3993 637 4043 Malam
649 3993 689 4042 ed.
698 3987 795 4038 Abrab.
806 3984 916 4036 Gronov.
935 3980 1019 4044 Lugd,
1027 3981 1084 4032 Bat.
1097 3980 1171 4032 1722.
1187 3977 1223 4032 8⁰.
1237 3999 1262 4048 p.
1274 3984 1334 4035 52⁷.

303 4075 370 4137 12³)
388 4080 448 4130 ibid.
467 4091 525 4142 pag.
539 4075 599 4126 528.

304 4157 370 4218 121)
388 4164 405 4210 1.
424 4179 446 4213 o.
465 4178 523 4228 pag.
539 4161 596 4213 196.

305 4240 371 4303 125)
390 4247 436 4296 cfr.
454 4248 521 4298 infra
538 4263 595 4312 pag.
610 4246 651 4297 31.
662 4259 699 4306 sq.

305 4325 370 4390 126)
390 4329 434 4378 cfr.
453 4331 519 4380 infra
537 4349 593 4396 pag.
609 4331 649 4381 36.
