2784 5106
752 470 796 536 tl

752 729 788 794 Π

315 846 411 914 Ood.
423 845 624 914 Romanus
639 842 933 916 casanatensis
947 848 990 914 A.
1003 846 1050 930 Π,
1063 849 1118 918 34.
1135 869 1218 916 saon.
1232 851 1337 918 XIV.

224 951 437 1018 membranae.
484 947 615 1014 Omisso
636 948 762 1014 nornine
786 951 926 1018 auctoris
948 950 1077 1038 incipit:
1103 952 1224 1034 „Iulius
1249 939 1339 1020 Cae-

135 1064 138 1071 “
223 1075 276 1119 sar
305 1051 478 1119 bissextilis
508 1051 640 1124 rationis
670 1051 834 1135 inventor,
864 1052 980 1120 divinis
1003 1054 1212 1140 humanisque
1231 1058 1337 1124 rebus

223 1157 426 1246 singulariter
447 1155 634 1236 instructus,
659 1175 732 1220 curn
755 1157 866 1222 consul
889 1165 959 1223 erat
982 1157 1105 1225 censuit
1127 1181 1257 1230 omnem
1283 1152 1337 1225 or·

223 1259 296 1326 bem
319 1259 466 1324 admetiri
488 1281 546 1344 per
568 1257 832 1342 prudentissimos
854 1260 950 1328 viros.
981 1261 1015 1326 A
1030 1262 1197 1330 consulatu
1219 1264 1337 1349 itaque

224 1360 263 1428 G.
278 1362 353 1428 Iulii
367 1371 400 1428 et
411 1360 460 1425 M.
473 1360 608 1428 Antonii
623 1381 710 1431 cons.
725 1383 827 1447 mque
842 1362 885 1429 ad
899 1365 1098 1432 consulatum
1110 1367 1255 1454 Augusti
1267 1367 1334 1432 ΠΙ.

223 1474 257 1532 et
271 1464 392 1548 Crassi,
415 1463 518 1530 omnis
534 1460 651 1530 Oriens
674 1463 837 1534 dimensm
859 1475 909 1532 est
932 1468 1022 1538 annis
1040 1470 1093 1538 21.
1117 1469 1283 1538 mensibus
1302 1475 1333 1538 5.

219 1567 335 1636 diebus
357 1568 388 1638 8.
411 1591 432 1632 a
454 1564 750 1634 Theanoobodoso“
775 1577 836 1640 oet.
862 1617 955 1636 ......
984 1567 1156 1654 „Oceanus
1178 1573 1335 1640 meridia·
1373 1657 1374 1662 ἵ

221 1693 282 1738 nus
310 1670 408 1736 habet
433 1667 677 1742 innumerabiles
706 1680 836 1758 gentes,
865 1696 927 1757 que
1041 1682 1185 1761 possunt.
1227 1673 1335 1742 Hanc

222 1772 369 1860 quadrip.
392 1773 491 1840 totius
514 1780 598 1840 terre
620 1773 847 1842 continentiam
862 1775 909 1844 hii
924 1776 981 1861 qui
993 1775 1132 1846 dimensi
1143 1785 1216 1845 sunt
1227 1778 1335 1866 longe
1373 1799 1374 1880 p

222 1876 367 1962 citroque
389 1877 524 1944 maiores
546 1876 667 1945 nostri“
692 1885 753 1946 etc.
917 1879 1026 1949 Insula
1048 1879 1199 1950 Sardinia
1313 1902 1333 1944 a

221 1980 353 2048 meridie
381 1979 588 2048 Numidicum
620 1981 741 2063 sinuum
773 2005 793 2046 a
821 1983 1069 2068 septentrionis
1120 1981 1249 2053 Desunt
1280 2007 1333 2052 re·
1373 1977 1374 2030 3

221 2084 316 2169 liqna

310 2185 466 2253 Codicem
492 2186 578 2262 hunc
606 2189 740 2258 eandem
770 2213 865 2275 quam
893 2188 1013 2256 tertiae*
1033 2189 1229 2257 recensionis
1251 2191 1334 2258 libri

221 2289 342 2356 habent
362 2289 532 2358 lectionem
555 2289 705 2359 exhibere
727 2302 837 2380 aperte
859 2290 1055 2376 comparatio
1078 2288 1189 2368 docet3
1218 2315 1334 2378 neque

221 2403 329 2460 tamen
352 2415 424 2462 cum
446 2393 496 2459 his
518 2393 645 2462 initium
667 2395 765 2466 sumit
786 2421 806 2462 a
828 2393 947 2462 verbis:
982 2391 1192 2476 „Lectionum
1214 2398 1336 2477 pervi-

217 2497 278 2584 gili
307 2519 384 2566 eura
411 2498 651 2584 comperimus“
683 2508 744 2565 etc.
778 2522 860 2584 qnae
888 2499 1012 2570 auctori
1032 2495 1145 2564 tertiae
1172 2493 1337 2564 editionis

220 2601 390 2669 tribuenda
411 2625 480 2668 esse
502 2603 586 2668 infra
608 2601 905 2669 demonstrabimus

307 2808 381 2876 Hac
402 2810 501 2898 igitur
522 2812 645 2878 ratione
661 2805 934 2893 Cosmograpbiae
955 2808 1158 2874 recensiones
1180 2809 1331 2898 singulae

221 2921 351 2980 exortae
373 2923 462 2999 sunt,
490 2923 528 2981 ut
555 2938 631 2982 vero
659 2921 754 2998 atque
776 2911 961 2994 incorrupto
983 2909 1059 2976 Iulii
1079 2910 1220 2980 Honorii
1242 2910 1330 2980 Ora-

214 3017 300 3092 ‚toris
321 3019 411 3105 operi
433 3017 593 3102 secundae
614 3014 769 3085 editionis.
785 3011 929 3098 quisquis
951 3022 1064 3080 molor
1085 3016 1197 3099 fuerit,
1226 3017 1256 3084 is
1280 3015 1329 3082 ln·
1373 3011 1374 3068 l

220 3138 293 3185 cum
315 3121 404 3186 illum
427 3122 467 3187 de
488 3144 636 3188 mannua
651 3119 737 3186 orbis
752 3115 1028 3205 Cosmngrapbiae
1043 3119 1143 3205 capiti
1158 3142 1198 3184 ex
1215 3117 1329 3201 „Geo-

220 3223 353 3288 metria“
379 3222 548 3309 addiderit,
568 3224 698 3291 turbato
722 3243 848 3308 quoque
870 3221 983 3290 ordine
1005 3223 1177 3308 multisque
1198 3245 1259 3309 pro
1277 3225 1328 3290 in·

220 3327 314 3414 genio
336 3350 394 3394 suo
416 3328 602 3400 immutatis.
648 3325 711 3394 Oui
733 3328 822 3413 operi
845 3351 921 3394 mox
944 3327 1025 3394 alius
1047 3326 1233 3394 emendator
1256 3351 1329 3396 ma·

221 3453 279 3496 nus
300 3433 421 3516 iniecit,
442 3434 497 3518 qui
520 3442 575 3498 aut
596 3431 827 3520 geographiam
841 3432 935 3498 Pauli
951 3429 1059 3499 Orosii
1077 3432 1245 3518 integram,
1267 3441 1329 3498 aut

92 3517 102 3534 ’
220 3543 343 3618 partem
367 3537 450 3620 eins,
480 3533 754 3623 Cosmographiae
776 3536 947 3626 adligavit3
976 3557 1070 3620 quem
1093 3533 1148 3616 qni
1170 3542 1328 3619 sequutus

221 3645 290 3704 erat
318 3647 430 3704 auctor
458 3641 580 3707 codicis
612 3663 652 3706 ex
682 3664 756 3727 quo·
776 3636 1002 3710 casanatensis
1031 3634 1112 3700 liber
1142 3634 1326 3724 descriptus

221 3752 280 3827 est,
303 3742 408 3808 verbis
428 3741 703 3831 Cosmographiae
726 3746 826 3830 capiti
848 3736 1039 3826 praepositis
1063 3738 1184 3820 „Iulius
1200 3737 1326 3806 Caesar
1373 3735 1374 3818 ]

221 3846 392 3915 bissextilis
414 3848 546 3912 rationis
568 3848 715 3913 inventor
734 3895 810 3910 .....
834 3863 906 3907 cnm
928 3842 1040 3908 consid
1062 3850 1143 3925 erat,
1165 3845 1324 3927 censuit“‚

221 3949 394 4040 additaque
417 3951 568 4016 extremis
588 3949 663 4015 libri
685 3947 830 4036 partibus
852 3943 969 4012 Orosii¹
987 3945 1073 4010 orbis
1095 3945 1321 4032 descriptione,
1373 4015 1374 4034 χ

222 4089 259 4097 -
287 4076 382 4136 quarn
405 4053 591 4122 intercalato
614 4054 668 4118 illo
690 4053 762 4116 loeo
791 4047 912 4131 „Hane
935 4047 1200 4133 quadripartitam
1221 4051 1321 4118 totius
1373 4059 1374 4112 ἶ

221 4163 324 4218 terrae
352 4160 579 4226 continentiam
607 4157 641 4222 hi
669 4154 724 4238 qui
752 4151 886 4218 dimensi
920 4159 995 4217 sunt
1025 4151 1119 4239 longe
1148 4153 1317 4238 citroque“

221 4280 293 4322 cnm
317 4260 581 4342 praecedentibus
602 4263 636 4326 in
658 4281 755 4325 unum
778 4256 868 4341 quasi
892 4253 1083 4323 eonfirndere
1107 4256 1265 4342 studebat,
1278 4298 1318 4307 —
