2784 5106
577 509 619 580 rt

42 681 87 748 ibi
110 704 169 748 ara
189 689 240 747 est
261 679 428 768 Herculis,
449 681 506 750 ubi
527 706 613 752 nunc
634 694 684 752 eet
705 685 891 775 Trigeminis
911 695 1025 777 porta“
1051 739 1147 760 ......

44 783 166 867 „habet
183 793 290 852 autem
306 786 395 852 milia
410 787 463 855 42.
488 785 562 854 Hiis
575 789 666 874 (sici)
683 789 791 856 taliter
807 789 948 859 decursis
963 795 1015 860 vel
1028 797 1148 882 relatis,

40 896 141 974 prout
160 888 308 976 regiones
329 888 418 956 urbis
440 911 515 956 curn
538 890 672 958 edificiis
692 893 761 959 suis
780 892 848 977 [fol.
867 894 919 961 11.
934 901 1047 982 rectu]
1069 901 1147 966 facti

41 999 126 1076 sunt,
153 990 371 1059 describamus
392 991 555 1080 Regiones
571 997 636 1080 ¹⁶⁹).
682 995 735 1062 De
757 998 822 1062 situ
844 1003 877 1062 et
899 999 1074 1066 sturctione
1094 1025 1148 1068 ur-

39 1094 90 1161 bis
104 1093 229 1162 Romae
251 1097 330 1164 satis
351 1105 390 1162 ut
409 1119 484 1162 reor
504 1100 676 1166 memoriae
697 1099 853 1166 traditum
875 1109 934 1167 est
971 1100 1069 1168 Nunc
1083 1103 1148 1172 iam

39 1198 127 1265 orbis
155 1198 361 1286 splendorem
388 1199 518 1266 Italiam
551 1203 585 1267 in
614 1203 778 1269 relationis
808 1203 968 1290 principio
998 1207 1149 1292 ponenda

41 1303 133 1387 (sici)
155 1310 216 1385 est,
239 1301 327 1386 quod
341 1301 481 1368 Romani
501 1303 627 1390 imperii
647 1304 877 1390 monarchiam,
896 1308 1041 1374 locorum
1064 1311 1147 1376 salu·

38 1403 204 1488 britatem‚
227 1404 287 1469 oeli
309 1405 517 1490 temperiem“
541 1454 618 1472 .....
644 1407 844 1490 „vulunibus
866 1411 1004 1478 similes“
1019 1414 1085 1497 ¹⁷⁰).
1105 1449 1147 1462 -

38 1508 94 1573 foi
116 1509 191 1576 22¹2
230 1505 314 1590 „His
342 1507 443 1594 igitur
463 1509 572 1576 taliter
593 1510 752 1594 decursis,
775 1509 817 1576 ad
838 1512 992 1580 maiorem
1015 1513 1146 1582 demon·

38 1605 228 1677 strationem
257 1609 455 1698 singularum
489 1613 602 1680 mundi
636 1615 776 1700 partium
810 1615 927 1688 itinera
955 1617 1144 1685 describam.

37 1711 120 1780 INO
134 1763 143 1780 .
158 1712 479 1782 ITINERARIVM
495 1765 503 1782 .
519 1715 723 1784 ANTONII
737 1766 746 1782 .
761 1715 982 1788 AVGVSTI.
1037 1722 1144 1806 „Pro-

37 1818 142 1884 vintia
162 1817 279 1882 Africa
300 1840 320 1883 o
341 1817 441 1906 Tingi
462 1867 540 1886 .....
567 1819 608 1886 de
629 1820 773 1905 Yspenis
795 1843 816 1886 a
836 1821 969 1890 Bellone
990 1825 1144 1892 traiectus

36 1922 71 1986 in
92 1920 194 2007 Tingi
208 1919 429 1988 Mauritimam
453 1922 542 2007 (sici)
566 1922 672 1989 stedia
686 1921 746 1988 OG
760 1924 862 1990 .Xx.
871 1927 927 2008 ΠΙ)
942 1964 983 1975 -
996 1925 1143 2012 Sequun-

35 2034 90 2090 tur
111 2023 229 2091 deinde
251 2023 347 2090 haec:
378 2025 566 2108 „Provintia
594 2025 749 2092 dividitur
775 2027 810 2092 in
835 2029 994 2116 regiones.
1040 2028 1143 2119 Regio

37 2130 69 2193 in
89 2149 237 2216 regnum.
281 2126 431 2216 Regnum
452 2130 487 2209 in
507 2129 731 2196 vfflas“,......
756 2130 890 2219 „digitis
912 2132 1083 2198 extensis“.
1101 2171 1142 2183 —

37 2230 238 2318 Sequuntur:
264 2229 468 2313 „Divisiones
488 2240 670 2320 temporum
692 2242 767 2300 sunt
787 2233 908 2302 XIV.“
1043 2236 1141 2321 „Xia

35 2344 200 2402 momente
221 2333 333 2400 horam
355 2335 508 2403 ieciunt“.
538 2375 580 2390 ..
610 2337 695 2402 Tum
717 2339 863 2421 sequenti
884 2340 1019 2427 pagina:
1051 2341 1142 2424 ,Dii

37 2434 427 2506 OOSMOGRAPHIA.
485 2437 592 2500 Iulio
626 2434 775 2500 Oesare
808 2448 848 2502 et
880 2439 930 2503 M.
959 2443 1142 2508 Antonio

36 2563 139 2607 coss.
170 2539 299 2604 omnis
328 2537 439 2603 orbis
466 2542 710 2623 peragratus
740 2543 802 2600 ert
829 2559 900 2622 per
922 2540 1143 2623 sapientis-

36 2646 164 2710 simos
187 2649 226 2707 et
248 2639 402 2706 electos
423 2637 558 2706 viros.
578 2662 598 2704 a
618 2636 837 2708 Nicodoxo
861 2639 1014 2726 oriens,
1037 2641 1144 2710 aDi·

37 2747 145 2814 dimo
172 2742 384 2828 occidens,
413 2766 434 2810 a
463 2740 677 2810 Theodoto
708 2744 952 2831 septentrio,
984 2769 1005 2812 a
1030 2746 1143 2815 Poli-

39 2852 143 2919 crito
165 2846 367 2916 meridies.
412 2847 688 2916 Aconsuletu
716 2850 1021 2935 suprascripti“
1047 2901 1141 2919 ......
1153 2917 1166 2942 ⁸

41 2955 255 3038 „demensa
283 2963 353 3020 est.
392 2951 532 3020 Omnis
554 2951 668 3018 orbis
689 2952 813 3017 habet
835 2952 957 3018 maria
979 2955 1038 3021 29.
1076 2955 1143 3019 Ιιι-

39 3060 175 3124 sulas“
285 3054 462 3140 „Omnes
488 3056 783 3139 civitatesque
806 3053 1030 3121 edificatae
1053 3066 1144 3121 sunt

39 3183 160 3247 super
186 3169 335 3224 terram
365 3168 455 3224 sunt
478 3161 615 3228 6227.“
661 3157 743 3223 Post
764 3155 846 3222 haec
867 3158 1011 3243 sequitur
1031 3160 1142 3225 folium

36 3285 186 3328 vacuum.
211 3297 253 3308 -—
277 3258 379 3344 ,INC
395 3309 404 3324 .
420 3259 701 3330 DESCRIPTIO
717 3309 725 3325 .
742 3259 917 3325 TERRE.
934 3260 1140 3329 SANOTE.

37 3367 98 3432 ET
121 3413 131 3429 .
154 3361 248 3429 ΤΟΤ
264 3412 273 3428 .
292 3363 479 3430 TERRAE
495 3414 503 3429 .
518 3363 749 3433 PROMONT
765 3413 773 3430 .
789 3363 904 3429 PER.
920 3364 1116 3431 PETRVM
1134 3415 1141 3430 .

40 3465 392 3538 CASSINENSEW
406 3515 415 3532 .
430 3476 506 3554 post
528 3490 623 3551 quam
645 3471 675 3538 3.
693 3470 771 3536 folia
786 3490 891 3534 vacua
910 3479 1140 3535 remanserunt.

42 3611 82 3624 -
106 3570 215 3657 „INO
239 3621 247 3637 .
268 3570 440 3638 LIBER.
464 3567 696 3638 DIGNITAT
719 3620 728 3638 .
751 3570 955 3639 ROMAN.
982 3572 1140 3641 IMPER.

43 3676 171 3759 ,Habet
199 3723 312 3742 .......
341 3675 514 3742 treberie“.
563 3672 693 3740 Deinde
720 3685 895 3760 sequuntur
921 3676 975 3742 fol.
1005 3685 1144 3763 quotuor

40 3811 239 3821 ——.-..—-

111 3881 235 3946 169)e
198 3885 278 3948 Reogi
279 3899 340 3934 nnm
358 3891 443 3934 tamen
461 3883 598 3948 descriptio
616 3883 643 3932 in
654 3883 705 3934 hoo
715 3881 780 3934 libro
793 3886 887 3938 omissa
898 3893 949 3938 est=
968 3886 1082 3951 seqnitur
1093 3891 1143 3936 ste-

43 3971 85 4021 tim
102 3972 160 4031 ,ιθ
178 3972 228 4022 sitn
246 3978 271 4022 et
288 3978 342 4021 stru
342 3971 427 4022 ctione
444 3971 513 4021 urbis
532 3968 654 4021 Romee“.

361 4072 431 4108 aex
413 4064 583 4124 rmurerptan
535 4063 644 4108 srmxte
662 4050 796 4109 Solinio
762 4071 796 4122 po
797 4057 930 4122 lyhistore,
954 4059 994 4108 ed.
1012 4057 1141 4124 Bipontin.

44 4055 360 4206 Omrssizscom
245 4159 300 4209 sec

111 4228 177 4292 171)
201 4231 246 4281 oni
270 4231 429 4282 itinerarium
453 4229 568 4282 Antonin
568 4229 667 4279 iei.dd
692 4229 842 4296 Partheey
828 4229 970 4282 etPinder
957 4248 1056 4298 rpag
1081 4230 1141 4284 241.

44 4325 103 4363 vers.
121 4313 145 4366 5.

919 4399 941 4464 4
