2800 5088
748 475 791 544 80

220 650 283 716 tius
304 649 402 716 fuisse
423 649 592 716 imitatum.
627 646 748 716 Scribit
763 648 926 726 enim⁹¹⁷lr
953 647 1167 730 „Volumus
1190 658 1313 716 autem

219 753 259 818 in
291 755 366 820 hac
399 751 681 838 descriptione
721 752 939 838 praecipue
978 750 1134 816 imitari
1168 751 1313 820 deseri-

219 859 410 944 ptionem,
433 878 533 939 quae
555 855 666 920 facta
687 863 748 920 est
770 855 819 921 ab
834 851 1234 941 Augustoansare“
1251 879 1312 942 sqq.

220 959 330 1043 Quare
352 958 500 1044 equidem
514 959 685 1026 Albertum
706 957 832 1022 silentio
854 957 1043 1040 omisissem,
1065 957 1100 1022 ni
1121 957 1173 1023 his
1196 967 1229 1023 et
1249 960 1313 1024 tali·

218 1063 279 1129 bus
301 1063 429 1128 innixus
451 1061 647 1150 argumentis
663 1057 741 1126 Chr.
752 1058 906 1127 Petersen
928 1059 969 1124 de
985 1059 1060 1125 Iulii
1076 1058 1225 1127 Oratoris
1239 1058 1313 1128 Oos-

218 1165 409 1254 mographia
436 1165 618 1251 opinionem
647 1161 816 1247 edidisset,
849 1164 901 1230 oui
930 1162 1083 1230 adsentiri
1109 1164 1197 1230 nullo
1225 1164 1313 1232 modo

218 1277 338 1357 potest.

306 1482 338 1547 4.
383 1479 499 1564 Neque
526 1479 631 1544 minus
659 1475 892 1542 contemnenda
918 1485 994 1542 sunt
1022 1497 1104 1560 quae
1125 1477 1160 1542 in
1180 1475 1314 1566 Dialogo

217 1582 259 1648 de
272 1581 452 1649 Nobilitate
475 1590 508 1647 et
521 1579 715 1648 Rustioitate
738 1580 850 1646 scribit
872 1579 990 1646 saeculi
1004 1578 1085 1644 XV.
1108 1588 1221 1646 auctor
1241 1581 1314 1646 Fc-

217 1686 276 1751 lix
302 1684 540 1767 Malleolus,
572 1705 668 1769 quem
695 1682 792 1748 toties
818 1689 937 1748 temere
966 1690 1119 1767 sequutus
1148 1692 1197 1750 est
1224 1681 1315 1748 Chri-

217 1789 340 1855 stianus
368 1789 531 1854 Peterson.
588 1785 692 1851 Libro
720 1786 804 1850 enim
831 1786 982 1852 utebatur
1007 1785 1180 1853 Malleolus
1208 1787 1316 1854 eodem

216 1891 283 1958 fere
306 1915 345 1959 ac
367 1890 533 1972 Albertus,
556 1897 589 1954 et
610 1888 696 1954 hunc
717 1889 823 1975 ipsum
846 1909 972 1973 qnoque
994 1897 1069 1954 ante
1091 1890 1200 1956 oculos
1221 1890 1316 1956 habe-

215 1995 288 2075 bat3
310 1993 551 2078 inscriptionem
572 2015 649 2058 vero
665 1990 940 2080 Gosmographiee
956 1990 1054 2056 talem
1072 1992 1217 2058 exhibet:
1242 1993 1316 2076 ,Iti-

216 2098 375 2164 nerarinm
396 2097 472 2161 Iulii
496 2093 664 2160 Caesaris“
695 2097 747 2160 vel
762 2093 1054 2182 ,cosmographia
1080 2094 1155 2161 Iulii
1176 2096 1317 2183 Impera·

215 2201 296 2266 toris
318 2208 352 2264 et
366 2196 539 2264 Octaviani
552 2198 715 2284 Augusti“
739 2198 792 2262 vel
815 2196 1038 2279 „Itinerarium
1058 2196 1148 2264 urbis
1162 2197 1317 2264 Romae“.

217 2301 328 2384 Quare
348 2302 382 2365 in
405 2300 516 2366 cedma
538 2299 684 2365 Malleoli
705 2300 845 2365 inerant=
872 2299 1161 2367 Pseudo-Aethiei
1182 2299 1318 2368 Oosmo-

215 2405 352 2492 graphia
373 2412 407 2470 et
426 2402 629 2469 Itinerarium
645 2403 816 2485 Antonini3
839 2425 942 2488 neque
964 2403 1036 2470 eliis
1056 2403 1134 2472 loeis
1154 2427 1220 2470 non
1242 2429 1319 2492 pro·

214 2507 311 2574 batur
332 2507 462 2573 infuisse
485 2505 582 2572 etiam
606 2505 791 2589 „Mirabilia
812 2506 956 2573 Romae“
970 2509 1038 2588 ²¹⁸).

304 2609 371 2678 Sed
385 2610 567 2692 Malleolus,
590 2632 687 2694 quum
709 2611 813 2700 magis
828 2612 924 2676 etiam
939 2632 1036 2695 quam
1050 2610 1204 2678 Albertus
1218 2610 1318 2677 verba

213 2713 289 2778 Iulii
304 2710 453 2777 Oratoris
473 2712 703 2796 immutaverit,
725 2715 772 2778 ita
792 2723 830 2778 ut
850 2713 978 2780 aliunde
999 2715 1102 2780 multa
1117 2736 1244 2800 quoque
1258 2715 1317 2780 im-

214 2813 379 2880 miscuerit
394 2813 487 2878 —id
509 2812 596 2898 quod
617 2836 658 2880 ne
678 2815 783 2901 ipsum
806 2816 934 2900 quidem
958 2815 1080 2884 Christ.
1096 2817 1251 2884 Petersen
1274 2818 1317 2882 ef·

213 2916 365 3005 fogit²'⁹)
390 2955 432 2966 —
455 2916 561 2984 minus
589 2918 687 2984 etiarn
715 2926 811 3003 atque
834 2919 888 2984 ille
909 2922 1128 3007 respiciendus
1150 2921 1219 2986 erit.
1265 2920 1317 2984 Ex

213 3020 309 3086 huius
330 3021 430 3109 igitur
451 3021 591 3088 auctoris
612 3022 720 3088 verbis
741 3044 824 3107 quae
846 3023 954 3110 colligi
971 3026 1103 3105 vult²²⁰l
1121 3023 1242 3090 Christ.
1256 3022 1317 3090 Pe-

213 3132 330 3207 tarsen,
353 3147 391 3190 ea
412 3125 507 3191 nullis
529 3117 727 3214 argumentis
748 3125 810 3191 niti
830 3149 924 3194 nemo
946 3150 1010 3194 non
1031 3128 1191 3217 intelligit.

741 3317 785 3383 V.

301 3434 411 3519 Quare
438 3437 490 3502 his
517 3437 582 3501 iam
607 3434 728 3500 relictis
757 3442 854 3520 atque
881 3436 951 3502 aliis
980 3437 1089 3502 multis
1111 3436 1154 3502 ad
1173 3437 1316 3521 reliquos

212 3536 341 3603 codices
370 3539 509 3623 quinque
537 3559 669 3602 numero
699 3537 897 3623 accedimus,
935 3539 976 3606 de
1005 3539 1119 3625 quibus
1147 3540 1228 3624 nihil
1255 3539 1316 3603 nisi

211 3662 328 3759 nornen
345 3649 480 3808 htiantum
509 3638 621 3706 afferre
649 3665 829 3729 possumus.
877 3641 960 3714 Sunt
987 3644 1086 3732 igitur
1107 3642 1180 3711 libri
1202 3665 1316 3709 manu-

211 3752 323 3832 sonptr
380 3792 388 3809 .

280 3940 349 4004 217)
367 3958 425 4007 pag.
438 3938 499 3992 282.

280 4026 349 4090 218)
368 4030 414 4080 eir.
431 4027 553 4080 Peterson
570 4029 587 4078 l.
600 4043 622 4079 o.
641 4043 699 4094 pag.
712 4027 772 4079 990.
785 4043 840 4092 sqq.

280 4110 350 4173 219)
369 4117 415 4166 cfr.
433 4131 491 4181 pag.
507 4114 566 4166 199.
584 4131 607 4166 a.
620 4116 663 4166 fln.

279 4194 349 4257 220)
368 4200 413 4249 cfr.
432 4203 498 4252 inter
515 4203 565 4251 alia
582 4217 639 4266 pag.
659 4197 717 4251 189.
742 4208 768 4250 et
791 4211 856 4263 qnae
873 4199 923 4249 hoo
941 4197 999 4248 loco
1018 4206 1180 4262 exponantur
1196 4197 1316 4250 conferas

210 4293 267 4331 curn
285 4280 316 4330 iis
334 4295 399 4343 qnae
416 4285 485 4336 idem
502 4287 624 4336 Peterson
641 4301 699 4350 pag.
712 4283 771 4335 189.
792 4284 850 4336 191.
870 4282 930 4336 392.
949 4285 1075 4348 exposuit
