2780 5092
603 492 665 574 165

77 685 254 749 suosque
286 666 420 752 apices
452 667 490 731 in
524 665 693 730 medium
727 664 903 750 positos,
936 668 1069 734 metrico
1094 695 1182 740 more

77 771 287 853 compositos,
309 791 366 834 sua
387 769 481 834 laude
504 768 631 834 sibimet
653 768 739 832 solus
761 767 903 832 sciebat“
927 778 988 836 etc.

170 871 305 938 Ethicus
327 873 427 959 igitur
446 871 504 937 tali
527 873 650 936 ratione
672 871 795 936 litteras
814 874 1009 957 composuitr
1034 895 1131 958 quare
1145 886 1182 941 ut

77 975 144 1038 iam
168 975 315 1040 omnibus
338 976 591 1060 comprobemus,
613 973 759 1058 quaeda
781 973 894 1040 harum
915 977 1093 1042 litterarum
1109 1001 1181 1043 cum

78 1075 260 1162 alphabetis
287 1078 488 1145 ,sclavonicis
524 1077 680 1166 affinitate
708 1076 863 1161 diximus,
898 1078 960 1144 hoc
987 1082 1061 1146 loco
1089 1081 1181 1147 nobis

75 1180 251 1245 ostendum
275 1182 345 1262 erit,
368 1178 552 1266 Gyrillizam
575 1201 701 1266 quoque
724 1189 757 1246 et
772 1181 960 1248 Bulrwinam
980 1184 1068 1248 haud
1090 1185 1181 1249 aliter

75 1283 179 1346 fuisse
203 1283 403 1347 constitutas.

169 1385 216 1449 Et
241 1385 386 1470 profecto
413 1407 479 1450 rem
501 1387 548 1450 ita
569 1409 603 1451 se
625 1387 741 1452 habere
764 1387 880 1454 docent
903 1389 1020 1456 ductus
1042 1391 1180 1476 apicum,
1243 1381 1253 1391 ’

74 1510 140 1552 nec
168 1511 232 1554 non
260 1489 401 1553 virorum
429 1489 597 1555 doctorum
627 1491 700 1555 fere·
721 1492 878 1576 omnium,
912 1494 968 1579 qui
998 1494 1038 1560 de
1066 1493 1181 1558 litteris

75 1589 280 1658 sclavonicis
302 1593 512 1678 scripserant,
538 1595 728 1662 testimoniis
755 1597 1039 1680 confirmatnr⁴⁰⁵).
1086 1594 1180 1676 Quae

78 1715 144 1776 quo
165 1695 277 1758 melius
299 1696 437 1780 perspici
459 1697 599 1782 possint,
626 1700 750 1784 singula
773 1699 1035 1767 Sclavenicarum
1058 1701 1180 1766 littera-

79 1809 153 1858 r'urn
175 1796 327 1862 elementa
348 1797 490 1863 breviter
510 1800 621 1862 licebit
642 1800 852 1864 considerare.
944 1829 947 1834 ·

173 1901 199 1964 l.
244 1900 288 1964 Et
308 1902 446 1988 primum
470 1899 599 1984 quidem
621 1901 861 1964 Hebraioam
891 1903 1088 1986 originem
1118 1902 1180 1966 sibi

78 1991 220 2067 vindicat
247 2005 355 2070 littera
381 2027 477 2088 quam
500 2002 634 2069 Terdo
664 2002 872 2070 sclavonicae
901 2003 1043 2089 regionis
1069 2010 1180 2088 gentes

76 2106 319 2190 appellant⁴⁰l);
334 2106 468 2173 eandam
480 2106 622 2192 proferre
632 2105 759 2172 videtur
768 2103 957 2194 Cyrillicum
971 2103 1180 2191 illudBoga‚

75 2209 162 2292 quod
186 2217 291 2276 ortum
314 2234 383 2277 esse
405 2211 485 2276 dicit
499 2209 726 2294 Frisohiuswl)
744 2235 783 2277 ex
804 2235 844 2276 ea
858 2211 965 2276 littera
980 2231 1061 2294 quae
1076 2206 1180 2273 Beth

74 2311 226 2378 hebraice
249 2315 427 2400 appellatur
452 2314 526 2395 (Ξ).
566 2311 659 2378 Idem
681 2313 730 2376 vir
745 2312 935 2396 Gyrillicnm
956 2313 1021 2379 Ier
1043 2314 1085 2379 ad
1106 2310 1179 2378 lod

75 2415 260 2482 hebraicum
286 2417 336 2500 (a)
359 2414 575 2479 reducendum
603 2432 672 2475 esse
695 2412 843 2476 adfirmat
854 2416 928 2492 ⁴⁰⁸);
958 2423 992 2475 et
1014 2415 1179 2495 Grubissi-

76 2520 243 2602 chius⁴⁰⁹l
273 2517 378 2602 ipsum
408 2513 574 2601 Glagol,
607 2512 665 2578 sed
692 2512 811 2578 frustra
838 2521 876 2577 ut
904 2511 1033 2576 videtur
1049 2516 1129 2594 ⁴¹⁰),
1159 2537 1179 2577 a

74 2621 189 2688 Thau
213 2621 281 2706 (n)
304 2626 449 2705 repetere
476 2641 534 2684 nos
560 2617 657 2682 iubet.
702 2615 818 2716 Neque
840 2637 916 2682 vero
939 2615 1022 2682 hano
1046 2615 1179 2684 Sclavo-
1204 2664 1205 2667 ,

73 2728 220 2792 nicarum
241 2725 419 2789 litterarum
439 2744 514 2786 oum
537 2721 694 2787 hebraicis
716 2721 904 2791 affinitatem
921 2721 1092 2810 ignorabat
1106 2719 1178 2806 Dn-

146 2939 216 2998 405)
234 2941 280 2989 cfr.
298 2943 357 2990 ante
374 2955 464 2989 omnes
476 2939 611 2990 Linhart
623 2939 754 2996 „Versueh
773 2939 843 2986 einer
852 2938 944 2988 Gesch.
957 2952 1007 2986 von
1018 2934 1115 2984 Krain“
1129 2943 1176 2984 etc.

73 3026 191 3076 Laibach
212 3024 287 3074 1791.
306 3018 342 3074 6⁰.
361 3032 422 3074 tom.
434 3026 472 3084 11,
490 3025 602 3074 tabulam
615 3023 642 3076 2.,
655 3053 689 3062 --
700 3024 759 3072 Ios.
772 3023 977 3088 Dobrowsky,
991 3019 1176 3082 „magontiam
1278 3083 1287 3098 ⁹

73 3125 136 3171 pag.
151 3107 272 3168 35-38,
291 3106 333 3156 tl.
346 3123 400 3170 sqq.
414 3137 449 3148 --
463 3110 641 3160 Dobnerum
660 3110 689 3157 in
706 3108 928 3171 „Abhandlungen
945 3109 991 3157 der
1004 3105 1177 3156 Bbhmischen

73 3191 265 3244 Gesellschaft“
284 3200 331 3242 eto.
367 3193 522 3260 Abtheilung
539 3195 563 3246 2.
583 3193 666 3258 (Prag
689 3190 773 3254 1786)
797 3195 841 3242 des
859 3196 961 3244 Bendas
984 3193 1031 3242 aus
1049 3193 1094 3242 das
1112 3191 1177 3241 Jahr

75 3278 155 3329 1765.
182 3275 224 3326 4⁰.
251 3293 308 3342 pag.
323 3277 380 3329 129.
394 3296 431 3344 aq.

148 3375 217 3440 406)
236 3379 280 3430 cfr.
293 3381 427 3432 Linhart
443 3383 460 3434 l.
474 3399 496 3435 c.
510 3384 586 3434 tabul.
599 3385 671 3452 ILet
688 3379 1117 3434 adnotationem.-—Frischium
1136 3379 1174 3428 in:

76 3469 174 3530 „Origo
187 3467 337 3516 characteris
350 3466 490 3548 sclavonici
502 3471 577 3532 vulgo
592 3469 652 3518 dicti
662 3467 782 3520 Cirulici“
796 3475 842 3520 etc.
865 3465 1030 3528 Programma
1043 3461 1175 3528 Gymnasii

74 3555 233 3605 Berolinens.
254 3552 294 3602 10.
307 3555 429 3604 Decemb.
445 3554 520 3604 1727.
543 3548 585 3600 4⁰.
608 3569 666 3616 pag.
679 3554 704 3602 2.

144 3650 213 3712 407)
223 3653 239 3702 l.
247 3667 271 3702 c.
279 3668 306 3716 p.
318 3651 397 3718 &sed
405 3650 642 3701 alimnsententiam
651 3651 748 3712 profert
756 3654 906 3706 Schliizer
918 3644 1172 3712 πΗΕΕἸὌΡἸ).

75 3740 210 3788 Russische
228 3739 347 3786 Annalen
367 3739 395 3785 in
416 3738 484 3786 ihrer
505 3735 686 3786 Slavonischen
705 3735 898 3804 Grundspraohe
919 3741 1077 3804 verglichen‚
1102 3737 1173 3792 iiber-

76 3832 139 3874 aetzt
160 3824 211 3872 und
235 3819 344 3872 erkltrt“
373 3818 404 3880 (5
423 3821 489 3872 Voll.
527 3820 666 3882 Gottingen
690 3819 879 3874 1802-1809.
916 3819 1172 3882 8⁰.)v01umine11‚

75 3925 131 3973 pag.
142 3907 201 3960 ³29.

145 3999 213 4064 los)
231 4003 248 4052 1.
262 4015 283 4050 c.
302 4013 360 4064 pag.
371 3998 395 4050 3.

145 4092 214 4157 los)
233 4096 250 4144 l.
263 4109 285 4144 c.
303 4108 361 4156 pag.
374 4090 416 4144 43.
903 4141 906 4146 1

145 4185 215 4249 410)
233 4187 324 4237 mallus
347 4189 416 4238 enim
431 4187 560 4239 *Graecum
583 4199 639 4236 esse
661 4181 756 4251 γάμμα
778 4171 988 4238 aam'Dobrcvio
1007 4178 1175 4250 (Glagolitica

76 4289 131 4340 pag.
144 4272 201 4337 38.)
220 4275 355 4324 edicemus.
