<?xml version="1.0" encoding="UTF-8"?>
<!DOCTYPE html PUBLIC "-//W3C//DTD XHTML 1.0 Transitional//EN"
    "http://www.w3.org/TR/xhtml1/DTD/xhtml1-transitional.dtd">
<html xmlns="http://www.w3.org/1999/xhtml" xml:lang="en" lang="en">
 <head>
  <title>
</title>
<meta http-equiv="Content-Type" content="text/html;charset=utf-8" />
  <meta name='ocr-system' content='tesseract 3.04.00' />
  <meta name='ocr-capabilities' content='ocr_page ocr_carea ocr_par ocr_line ocrx_word'/>
</head>
<body>
  <div class='ocr_page' id='page_1' title='image "./decosmographiae01pertgoog_0193.png"; bbox 0 0 2780 5092; ppageno 0'>
   <div class='ocr_carea' id='block_1_1' title="bbox 757 487 820 554">
    <p class='ocr_par' dir='ltr' id='par_1_1' title="bbox 757 487 820 554">
     <span class='ocr_line' id='line_1_1' title="bbox 757 487 820 554; baseline 0.016 -1"><span class='ocrx_word' id='word_1_1' title='bbox 757 487 820 554; x_wconf 80' lang='lat'><strong>182</strong></span> 
     </span>
    </p>
   </div>
   <div class='ocr_carea' id='block_1_2' title="bbox 170 659 1346 1674">
    <p class='ocr_par' dir='ltr' id='par_1_2' title="bbox 237 659 1337 954">
     <span class='ocr_line' id='line_1_2' title="bbox 237 659 1336 745; baseline -0.001 -18"><span class='ocrx_word' id='word_1_2' title='bbox 237 662 358 728; x_wconf 91' lang='lat' dir='ltr'><strong>thioum</strong></span> <span class='ocrx_word' id='word_1_3' title='bbox 387 662 581 728; x_wconf 86' lang='lat' dir='ltr'><strong>constituere</strong></span> <span class='ocrx_word' id='word_1_4' title='bbox 609 661 706 726; x_wconf 89' lang='lat' dir='ltr'><strong>vellet</strong></span> <span class='ocrx_word' id='word_1_5' title='bbox 732 659 884 745; x_wconf 79' lang='lat' dir='ltr'><strong>Wulfila,</strong></span> <span class='ocrx_word' id='word_1_6' title='bbox 923 684 978 728; x_wconf 90' lang='lat' dir='ltr'><strong>eos</strong></span> <span class='ocrx_word' id='word_1_7' title='bbox 1013 663 1192 728; x_wconf 85' lang='lat' dir='ltr'><strong>litterarum</strong></span> <span class='ocrx_word' id='word_1_8' title='bbox 1227 660 1336 726; x_wconf 84' lang='lat' dir='ltr'><strong>ductus</strong></span> 
     </span>
     <span class='ocr_line' id='line_1_3' title="bbox 238 763 1337 852; baseline -0.003 -21"><span class='ocrx_word' id='word_1_9' title='bbox 238 788 319 851; x_wconf 90' lang='lat' dir='ltr'><strong>quos</strong></span> <span class='ocrx_word' id='word_1_10' title='bbox 340 765 386 832; x_wconf 92' lang='lat' dir='ltr'><strong>ibi</strong></span> <span class='ocrx_word' id='word_1_11' title='bbox 408 765 544 830; x_wconf 88' lang='lat' dir='ltr'><strong>omissos</strong></span> <span class='ocrx_word' id='word_1_12' title='bbox 566 787 635 830; x_wconf 88' lang='lat' dir='ltr'><strong>csse</strong></span> <span class='ocrx_word' id='word_1_13' title='bbox 658 765 792 830; x_wconf 75' lang='lat' dir='ltr'><strong>sentiret</strong></span> <span class='ocrx_word' id='word_1_14' title='bbox 813 785 854 830; x_wconf 82' lang='lat' dir='ltr'><strong>ex</strong></span> <span class='ocrx_word' id='word_1_15' title='bbox 875 765 1000 852; x_wconf 87' lang='lat' dir='ltr'><strong>graecis</strong></span> <span class='ocrx_word' id='word_1_16' title='bbox 1023 773 1056 830; x_wconf 90' lang='lat' dir='ltr'><strong>et</strong></span> <span class='ocrx_word' id='word_1_17' title='bbox 1077 764 1186 830; x_wconf 89' lang='lat' dir='ltr'><strong>latinis</strong></span> <span class='ocrx_word' id='word_1_18' title='bbox 1207 763 1337 830; x_wconf 86' lang='lat' dir='ltr'><strong>elemen-</strong></span> 
     </span>
     <span class='ocr_line' id='line_1_4' title="bbox 238 867 517 954; baseline -0.011 -20"><span class='ocrx_word' id='word_1_19' title='bbox 238 870 280 934; x_wconf 91' lang='lat' dir='ltr'><strong>tis</strong></span> <span class='ocrx_word' id='word_1_20' title='bbox 303 867 439 954; x_wconf 88' lang='lat' dir='ltr'><strong>sumpsit</strong></span> <span class='ocrx_word' id='word_1_21' title='bbox 450 869 517 951; x_wconf 77' lang='lat'><strong>⁴⁹⁷).</strong></span> 
     </span>
    </p>

    <p class='ocr_par' dir='ltr' id='par_1_3' title="bbox 170 968 1346 1674">
     <span class='ocr_line' id='line_1_5' title="bbox 327 968 1340 1058; baseline -0.004 -21"><span class='ocrx_word' id='word_1_22' title='bbox 327 971 453 1037; x_wconf 89' lang='lat' dir='ltr'><strong>Horum</strong></span> <span class='ocrx_word' id='word_1_23' title='bbox 474 971 576 1058; x_wconf 83' lang='lat' dir='ltr'><strong>igitur·</strong></span> <span class='ocrx_word' id='word_1_24' title='bbox 595 971 770 1037; x_wconf 78' lang='lat' dir='ltr'><strong>similitudo</strong></span> <span class='ocrx_word' id='word_1_25' title='bbox 785 971 989 1038; x_wconf 88' lang='lat' dir='ltr'><strong>Dobrovium</strong></span> <span class='ocrx_word' id='word_1_26' title='bbox 1010 994 1086 1037; x_wconf 88' lang='lat' dir='ltr'><strong>sane</strong></span> <span class='ocrx_word' id='word_1_27' title='bbox 1109 968 1263 1056; x_wconf 90' lang='lat' dir='ltr'><strong>impedire</strong></span> <span class='ocrx_word' id='word_1_28' title='bbox 1285 992 1340 1054; x_wconf 92' lang='lat' dir='ltr'><strong>po-</strong></span> 
     </span>
     <span class='ocr_line' id='line_1_6' title="bbox 170 1072 1340 1164; baseline -0.002 -26"><span class='ocrx_word' id='word_1_29' title='bbox 170 1159 171 1164; x_wconf 11' lang='lat'><em>*</em></span> <span class='ocrx_word' id='word_1_30' title='bbox 239 1082 334 1158; x_wconf 84' lang='lat' dir='ltr'><strong>terat,</strong></span> <span class='ocrx_word' id='word_1_31' title='bbox 358 1075 525 1160; x_wconf 80' lang='lat' dir='ltr'><strong>quominus</strong></span> <span class='ocrx_word' id='word_1_32' title='bbox 547 1073 753 1160; x_wconf 81' lang='lat' dir='ltr'><strong>alphabetum</strong></span> <span class='ocrx_word' id='word_1_33' title='bbox 772 1072 1004 1162; x_wconf 83' lang='lat' dir='ltr'><strong>Glagoliticum</strong></span> <span class='ocrx_word' id='word_1_34' title='bbox 1027 1072 1252 1160; x_wconf 85' lang='lat' dir='ltr'><strong>compendium</strong></span> <span class='ocrx_word' id='word_1_35' title='bbox 1273 1093 1340 1138; x_wconf 89' lang='lat' dir='ltr'><strong>esse</strong></span> 
     </span>
     <span class='ocr_line' id='line_1_7' title="bbox 241 1175 1342 1266; baseline -0.005 -24"><span class='ocrx_word' id='word_1_36' title='bbox 241 1175 410 1264; x_wconf 85' lang='lat' dir='ltr'><strong>Cyrilliani</strong></span> <span class='ocrx_word' id='word_1_37' title='bbox 438 1177 593 1243; x_wconf 87' lang='lat' dir='ltr'><strong>scriberet</strong></span> <span class='ocrx_word' id='word_1_38' title='bbox 604 1179 678 1262; x_wconf 77' lang='lat'><strong>⁴⁹⁸);</strong></span> <span class='ocrx_word' id='word_1_39' title='bbox 706 1179 759 1243; x_wconf 92' lang='lat' dir='ltr'><strong>cui</strong></span> <span class='ocrx_word' id='word_1_40' title='bbox 786 1179 849 1242; x_wconf 89' lang='lat' dir='ltr'><strong>alia</strong></span> <span class='ocrx_word' id='word_1_41' title='bbox 878 1177 918 1244; x_wconf 93' lang='lat' dir='ltr'><strong>de</strong></span> <span class='ocrx_word' id='word_1_42' title='bbox 949 1187 1053 1244; x_wconf 90' lang='lat' dir='ltr'><strong>aetate</strong></span> <span class='ocrx_word' id='word_1_43' title='bbox 1077 1176 1342 1266; x_wconf 86' lang='lat' dir='ltr'><strong>Glagoliticarum</strong></span> 
     </span>
     <span class='ocr_line' id='line_1_8' title="bbox 238 1281 1342 1369; baseline -0.005 -23"><span class='ocrx_word' id='word_1_44' title='bbox 238 1281 419 1346; x_wconf 87' lang='lat' dir='ltr'><strong>litterarum</strong></span> <span class='ocrx_word' id='word_1_45' title='bbox 446 1281 629 1347; x_wconf 84' lang='lat' dir='ltr'><strong>testimonia</strong></span> <span class='ocrx_word' id='word_1_46' title='bbox 647 1281 684 1346; x_wconf 55' lang='lat' dir='ltr'><strong>&#39;si</strong></span> <span class='ocrx_word' id='word_1_47' title='bbox 712 1284 818 1348; x_wconf 89' lang='lat' dir='ltr'><strong>minus</strong></span> <span class='ocrx_word' id='word_1_48' title='bbox 847 1283 944 1348; x_wconf 87' lang='lat' dir='ltr'><strong>etiam</strong></span> <span class='ocrx_word' id='word_1_49' title='bbox 972 1281 1206 1369; x_wconf 88' lang='lat' dir='ltr'><strong>suppetissent‚</strong></span> <span class='ocrx_word' id='word_1_50' title='bbox 1239 1290 1342 1345; x_wconf 91' lang='lat' dir='ltr'><strong>tamen</strong></span> 
     </span>
     <span class='ocr_line' id='line_1_9' title="bbox 240 1382 1343 1478; baseline -0.002 -28"><span class='ocrx_word' id='word_1_51' title='bbox 240 1385 442 1451; x_wconf 82' lang='lat' dir='ltr'><strong>statuendam</strong></span> <span class='ocrx_word' id='word_1_52' title='bbox 470 1393 539 1450; x_wconf 88' lang='lat' dir='ltr'><strong>erat</strong></span> <span class='ocrx_word' id='word_1_53' title='bbox 567 1385 675 1471; x_wconf 85' lang='lat' dir='ltr'><strong>apices</strong></span> <span class='ocrx_word' id='word_1_54' title='bbox 697 1382 869 1471; x_wconf 85' lang='lat' dir='ltr'><strong>Cyrillicos</strong></span> <span class='ocrx_word' id='word_1_55' title='bbox 899 1410 938 1451; x_wconf 88' lang='lat' dir='ltr'><strong>ex</strong></span> <span class='ocrx_word' id='word_1_56' title='bbox 962 1383 1168 1478; x_wconf 86' lang='lat' dir='ltr'><strong>Glagoliticis</strong></span> <span class='ocrx_word' id='word_1_57' title='bbox 1198 1383 1343 1467; x_wconf 87' lang='lat' dir='ltr'><strong>desump-</strong></span> 
     </span>
     <span class='ocr_line' id='line_1_10' title="bbox 240 1475 1344 1571; baseline -0.005 -17"><span class='ocrx_word' id='word_1_58' title='bbox 240 1497 306 1571; x_wconf 83' lang='lat' dir='ltr'><strong>tos,</strong></span> <span class='ocrx_word' id='word_1_59' title='bbox 336 1475 428 1554; x_wconf 83' lang='lat' dir='ltr'><strong>novis</strong></span> <span class='ocrx_word' id='word_1_60' title='bbox 455 1487 589 1553; x_wconf 85' lang='lat' dir='ltr'><strong>subinde</strong></span> <span class='ocrx_word' id='word_1_61' title='bbox 611 1488 722 1553; x_wconf 82' lang='lat' dir='ltr'><strong>formis</strong></span> <span class='ocrx_word' id='word_1_62' title='bbox 745 1497 857 1556; x_wconf 87' lang='lat' dir='ltr'><strong>auctos</strong></span> <span class='ocrx_word' id='word_1_63' title='bbox 880 1491 976 1556; x_wconf 88' lang='lat' dir='ltr'><strong>fuisse</strong></span> <span class='ocrx_word' id='word_1_64' title='bbox 1000 1513 1019 1554; x_wconf 90' lang='lat' dir='ltr'><strong>a</strong></span> <span class='ocrx_word' id='word_1_65' title='bbox 1042 1486 1256 1556; x_wconf 81' lang='lat' dir='ltr'><strong>Constantino</strong></span> <span class='ocrx_word' id='word_1_66' title='bbox 1278 1508 1344 1550; x_wconf 94' lang='lat' dir='ltr'><strong>mo-</strong></span> 
     </span>
     <span class='ocr_line' id='line_1_11' title="bbox 239 1577 1346 1674; baseline -0.003 -20"><span class='ocrx_word' id='word_1_67' title='bbox 239 1589 342 1654; x_wconf 87' lang='lat' dir='ltr'><strong>nacho</strong></span> <span class='ocrx_word' id='word_1_68' title='bbox 366 1613 459 1674; x_wconf 86' lang='lat' dir='ltr'><strong>quern</strong></span> <span class='ocrx_word' id='word_1_69' title='bbox 483 1601 515 1656; x_wconf 88' lang='lat' dir='ltr'><strong>et</strong></span> <span class='ocrx_word' id='word_1_70' title='bbox 530 1589 687 1674; x_wconf 75' lang='lat' dir='ltr'><strong>Cyrillum</strong></span> <span class='ocrx_word' id='word_1_71' title='bbox 710 1590 829 1654; x_wconf 86' lang='lat' dir='ltr'><strong>dicunt</strong></span> <span class='ocrx_word' id='word_1_72' title='bbox 845 1645 849 1650; x_wconf 93' lang='lat'><strong>.</strong></span> <span class='ocrx_word' id='word_1_73' title='bbox 868 1590 941 1656; x_wconf 90' lang='lat' dir='ltr'><strong>Nos</strong></span> <span class='ocrx_word' id='word_1_74' title='bbox 962 1614 1039 1656; x_wconf 84' lang='lat' dir='ltr'><strong>vero</strong></span> <span class='ocrx_word' id='word_1_75' title='bbox 1062 1591 1102 1654; x_wconf 90' lang='lat' dir='ltr'><strong>de</strong></span> <span class='ocrx_word' id='word_1_76' title='bbox 1125 1590 1187 1654; x_wconf 90' lang='lat' dir='ltr'><strong>hac</strong></span> <span class='ocrx_word' id='word_1_77' title='bbox 1209 1613 1245 1654; x_wconf 90' lang='lat' dir='ltr'><strong>re</strong></span> <span class='ocrx_word' id='word_1_78' title='bbox 1266 1577 1346 1652; x_wconf 90' lang='lat' dir='ltr'><strong>nihil</strong></span> 
     </span>
    </p>
   </div>
   <div class='ocr_carea' id='block_1_3' title="bbox 112 1689 1345 1778">
    <p class='ocr_par' dir='ltr' id='par_1_4' title="bbox 112 1689 1345 1778">
     <span class='ocr_line' id='line_1_12' title="bbox 112 1689 1345 1778; baseline -0.001 -21"><span class='ocrx_word' id='word_1_79' title='bbox 112 1755 124 1766; x_wconf 78' lang='grc'><strong>,</strong></span> <span class='ocrx_word' id='word_1_80' title='bbox 240 1691 466 1757; x_wconf 86' lang='lat' dir='ltr'><strong>dubitabimus.</strong></span> <span class='ocrx_word' id='word_1_81' title='bbox 502 1689 611 1774; x_wconf 82' lang='lat' dir='ltr'><strong>Quum</strong></span> <span class='ocrx_word' id='word_1_82' title='bbox 635 1692 718 1756; x_wconf 91' lang='lat' dir='ltr'><strong>enim</strong></span> <span class='ocrx_word' id='word_1_83' title='bbox 741 1692 913 1778; x_wconf 87' lang='lat' dir='ltr'><strong>alphabeta</strong></span> <span class='ocrx_word' id='word_1_84' title='bbox 933 1693 988 1757; x_wconf 92' lang='lat' dir='ltr'><strong>illa</strong></span> <span class='ocrx_word' id='word_1_85' title='bbox 1005 1702 1096 1758; x_wconf 89' lang='lat' dir='ltr'><strong>tanta</strong></span> <span class='ocrx_word' id='word_1_86' title='bbox 1111 1691 1345 1758; x_wconf 87' lang='lat' dir='ltr'><strong>necessitudine</strong></span> 
     </span>
    </p>
   </div>
   <div class='ocr_carea' id='block_1_4' title="bbox 238 1795 1347 3844">
    <p class='ocr_par' dir='ltr' id='par_1_5' title="bbox 239 1795 1345 2189">
     <span class='ocr_line' id='line_1_13' title="bbox 239 1795 1345 1882; baseline 0 -22"><span class='ocrx_word' id='word_1_87' title='bbox 239 1795 409 1860; x_wconf 84' lang='lat' dir='ltr'><strong>coniuncta</strong></span> <span class='ocrx_word' id='word_1_88' title='bbox 430 1796 505 1878; x_wconf 87' lang='lat' dir='ltr'><strong>sint,</strong></span> <span class='ocrx_word' id='word_1_89' title='bbox 526 1804 564 1859; x_wconf 92' lang='lat' dir='ltr'><strong>ut</strong></span> <span class='ocrx_word' id='word_1_90' title='bbox 586 1795 721 1860; x_wconf 88' lang='lat' dir='ltr'><strong>alterum</strong></span> <span class='ocrx_word' id='word_1_91' title='bbox 743 1795 869 1860; x_wconf 90' lang='lat' dir='ltr'><strong>nonnisi</strong></span> <span class='ocrx_word' id='word_1_92' title='bbox 891 1804 998 1862; x_wconf 88' lang='lat' dir='ltr'><strong>ortum</strong></span> <span class='ocrx_word' id='word_1_93' title='bbox 1020 1817 1090 1876; x_wconf 87' lang='lat' dir='ltr'><strong>esse</strong></span> <span class='ocrx_word' id='word_1_94' title='bbox 1113 1797 1217 1882; x_wconf 88' lang='lat' dir='ltr'><strong>possit</strong></span> <span class='ocrx_word' id='word_1_95' title='bbox 1238 1817 1280 1861; x_wconf 86' lang='lat' dir='ltr'><strong>ex</strong></span> <span class='ocrx_word' id='word_1_96' title='bbox 1301 1795 1345 1860; x_wconf 88' lang='lat' dir='ltr'><strong>al·</strong></span> 
     </span>
     <span class='ocr_line' id='line_1_14' title="bbox 239 1895 1344 1986; baseline -0.001 -23"><span class='ocrx_word' id='word_1_97' title='bbox 239 1908 309 1964; x_wconf 89' lang='lat' dir='ltr'><strong>tero</strong></span> <span class='ocrx_word' id='word_1_98' title='bbox 336 1935 380 1946; x_wconf 91' lang='lat'>-</span> <span class='ocrx_word' id='word_1_99' title='bbox 409 1906 537 1974; x_wconf 76' lang='lat' dir='ltr'><strong>constat</strong></span> <span class='ocrx_word' id='word_1_100' title='bbox 564 1905 671 1964; x_wconf 86' lang='lat' dir='ltr'><strong>autem</strong></span> <span class='ocrx_word' id='word_1_101' title='bbox 701 1895 903 1986; x_wconf 83' lang='lat' dir='ltr'><strong>Glagolizam</strong></span> <span class='ocrx_word' id='word_1_102' title='bbox 933 1902 1007 1968; x_wconf 82' lang='lat'><strong>520.</strong></span> <span class='ocrx_word' id='word_1_103' title='bbox 1045 1901 1111 1965; x_wconf 83' lang='lat' dir='ltr'><strong>fere</strong></span> <span class='ocrx_word' id='word_1_104' title='bbox 1142 1921 1244 1964; x_wconf 89' lang='lat' dir='ltr'><strong>annos</strong></span> <span class='ocrx_word' id='word_1_105' title='bbox 1274 1905 1344 1964; x_wconf 88' lang='lat' dir='ltr'><strong>ante</strong></span> 
     </span>
     <span class='ocr_line' id='line_1_15' title="bbox 241 1999 1344 2089; baseline -0.001 -22"><span class='ocrx_word' id='word_1_106' title='bbox 241 1999 428 2088; x_wconf 78' lang='lat' dir='ltr'><strong>Gyrillizam</strong></span> <span class='ocrx_word' id='word_1_107' title='bbox 450 2025 520 2068; x_wconf 90' lang='lat' dir='ltr'><strong>esse</strong></span> <span class='ocrx_word' id='word_1_108' title='bbox 542 2001 706 2066; x_wconf 86' lang='lat' dir='ltr'><strong>conditam</strong></span> <span class='ocrx_word' id='word_1_109' title='bbox 729 2039 771 2050; x_wconf 85' lang='lat'><em>-</em></span> <span class='ocrx_word' id='word_1_110' title='bbox 797 2001 953 2070; x_wconf 81' lang='lat' dir='ltr'><strong>Senatum</strong></span> <span class='ocrx_word' id='word_1_111' title='bbox 977 2000 1135 2088; x_wconf 84' lang='lat' dir='ltr'><strong>Cyrillum</strong></span> <span class='ocrx_word' id='word_1_112' title='bbox 1159 2019 1199 2068; x_wconf 85' lang='lat' dir='ltr'><strong>e&#39;x</strong></span> <span class='ocrx_word' id='word_1_113' title='bbox 1223 1999 1344 2089; x_wconf 85' lang='lat' dir='ltr'><strong>Glago-</strong></span> 
     </span>
     <span class='ocr_line' id='line_1_16' title="bbox 240 2103 1038 2189; baseline -0.003 -19"><span class='ocrx_word' id='word_1_114' title='bbox 240 2106 303 2171; x_wconf 84' lang='lat' dir='ltr'><strong>liza</strong></span> <span class='ocrx_word' id='word_1_115' title='bbox 323 2107 447 2172; x_wconf 89' lang='lat' dir='ltr'><strong>litteras</strong></span> <span class='ocrx_word' id='word_1_116' title='bbox 469 2105 683 2189; x_wconf 86' lang='lat' dir='ltr'><strong>desumpsisse</strong></span> <span class='ocrx_word' id='word_1_117' title='bbox 706 2103 946 2170; x_wconf 87' lang='lat' dir='ltr'><strong>concedendum</strong></span> <span class='ocrx_word' id='word_1_118' title='bbox 969 2105 1038 2169; x_wconf 84' lang='lat' dir='ltr'><strong>erit.</strong></span> 
     </span>
    </p>

    <p class='ocr_par' dir='ltr' id='par_1_6' title="bbox 238 2205 1347 3528">
     <span class='ocr_line' id='line_1_17' title="bbox 328 2205 1344 2292; baseline -0.003 -17"><span class='ocrx_word' id='word_1_119' title='bbox 328 2211 359 2275; x_wconf 84' lang='lat'><strong>2.</strong></span> <span class='ocrx_word' id='word_1_120' title='bbox 411 2205 562 2272; x_wconf 80' lang='lat' dir='ltr'><strong>Ceterum</strong></span> <span class='ocrx_word' id='word_1_121' title='bbox 595 2205 763 2292; x_wconf 87' lang='lat' dir='ltr'><strong>probabile</strong></span> <span class='ocrx_word' id='word_1_122' title='bbox 797 2214 861 2288; x_wconf 86' lang='lat' dir='ltr'><strong>est,</strong></span> <span class='ocrx_word' id='word_1_123' title='bbox 899 2206 997 2273; x_wconf 89' lang='lat' dir='ltr'><strong>immo</strong></span> <span class='ocrx_word' id='word_1_124' title='bbox 1027 2207 1135 2291; x_wconf 91' lang='lat' dir='ltr'><strong>potius</strong></span> <span class='ocrx_word' id='word_1_125' title='bbox 1163 2207 1344 2288; x_wconf 86' lang='lat' dir='ltr'><strong>verisimile,</strong></span> 
     </span>
     <span class='ocr_line' id='line_1_18' title="bbox 238 2307 1346 2396; baseline 0 -22"><span class='ocrx_word' id='word_1_126' title='bbox 238 2309 391 2374; x_wconf 85' lang='lat' dir='ltr'><strong>Ethicum</strong></span> <span class='ocrx_word' id='word_1_127' title='bbox 412 2309 469 2374; x_wconf 95' lang='lat' dir='ltr'><strong>ubi</strong></span> <span class='ocrx_word' id='word_1_128' title='bbox 489 2309 661 2394; x_wconf 88' lang='lat' dir='ltr'><strong>populares</strong></span> <span class='ocrx_word' id='word_1_129' title='bbox 683 2332 759 2374; x_wconf 91' lang='lat' dir='ltr'><strong>suos</strong></span> <span class='ocrx_word' id='word_1_130' title='bbox 774 2310 885 2395; x_wconf 91' lang='lat' dir='ltr'><strong>primis</strong></span> <span class='ocrx_word' id='word_1_131' title='bbox 900 2310 1097 2376; x_wconf 82' lang='lat' dir='ltr'><strong>condonaret</strong></span> <span class='ocrx_word' id='word_1_132' title='bbox 1112 2309 1243 2393; x_wconf 84' lang='lat' dir='ltr'><strong>litteris,</strong></span> <span class='ocrx_word' id='word_1_133' title='bbox 1262 2307 1346 2396; x_wconf 90' lang='lat' dir='ltr'><strong>quod</strong></span> 
     </span>
     <span class='ocr_line' id='line_1_19' title="bbox 241 2410 1344 2499; baseline -0.002 -20"><span class='ocrx_word' id='word_1_134' title='bbox 241 2415 322 2480; x_wconf 90' lang='lat' dir='ltr'><strong>solet</strong></span> <span class='ocrx_word' id='word_1_135' title='bbox 349 2413 415 2478; x_wconf 82' lang='lat' dir='ltr'><strong>fere</strong></span> <span class='ocrx_word' id='word_1_136' title='bbox 443 2411 476 2475; x_wconf 90' lang='lat' dir='ltr'><strong>in</strong></span> <span class='ocrx_word' id='word_1_137' title='bbox 506 2410 654 2478; x_wconf 90' lang='lat' dir='ltr'><strong>humanis</strong></span> <span class='ocrx_word' id='word_1_138' title='bbox 676 2413 772 2478; x_wconf 89' lang='lat' dir='ltr'><strong>rebus</strong></span> <span class='ocrx_word' id='word_1_139' title='bbox 793 2412 878 2496; x_wconf 81' lang='lat' dir='ltr'><strong>fieri,</strong></span> <span class='ocrx_word' id='word_1_140' title='bbox 907 2415 1040 2478; x_wconf 88' lang='lat' dir='ltr'><strong>nonita</strong></span> <span class='ocrx_word' id='word_1_141' title='bbox 1062 2414 1270 2499; x_wconf 86' lang='lat' dir='ltr'><strong>alphabetum</strong></span> <span class='ocrx_word' id='word_1_142' title='bbox 1291 2413 1344 2478; x_wconf 92' lang='lat' dir='ltr'><strong>ab·</strong></span> 
     </span>
     <span class='ocr_line' id='line_1_20' title="bbox 241 2515 1343 2603; baseline -0.001 -21"><span class='ocrx_word' id='word_1_143' title='bbox 241 2516 388 2598; x_wconf 85' lang='lat' dir='ltr'><strong>solvisse,</strong></span> <span class='ocrx_word' id='word_1_144' title='bbox 410 2515 502 2580; x_wconf 89' lang='lat' dir='ltr'><strong>utin</strong></span> <span class='ocrx_word' id='word_1_145' title='bbox 525 2539 563 2581; x_wconf 91' lang='lat' dir='ltr'><strong>eo</strong></span> <span class='ocrx_word' id='word_1_146' title='bbox 586 2516 665 2582; x_wconf 92' lang='lat' dir='ltr'><strong>nihil</strong></span> <span class='ocrx_word' id='word_1_147' title='bbox 688 2516 850 2582; x_wconf 89' lang='lat' dir='ltr'><strong>emendari</strong></span> <span class='ocrx_word' id='word_1_148' title='bbox 871 2539 968 2603; x_wconf 86' lang='lat' dir='ltr'><strong>posse</strong></span> <span class='ocrx_word' id='word_1_149' title='bbox 989 2517 1135 2583; x_wconf 85' lang='lat' dir='ltr'><strong>crederet</strong></span> <span class='ocrx_word' id='word_1_150' title='bbox 1158 2542 1179 2582; x_wconf 96' lang='lat' dir='ltr'><strong>a</strong></span> <span class='ocrx_word' id='word_1_151' title='bbox 1200 2517 1343 2603; x_wconf 81' lang='lat' dir='ltr'><strong>posteris.</strong></span> 
     </span>
     <span class='ocr_line' id='line_1_21' title="bbox 241 2618 1344 2707; baseline 0 -23"><span class='ocrx_word' id='word_1_152' title='bbox 241 2620 371 2685; x_wconf 82' lang='lat' dir='ltr'><strong>Etenim</strong></span> <span class='ocrx_word' id='word_1_153' title='bbox 401 2618 670 2704; x_wconf 90' lang='lat' dir='ltr'><strong>quemadmodum</strong></span> <span class='ocrx_word' id='word_1_154' title='bbox 699 2621 745 2684; x_wconf 49' lang='lat' dir='ltr'><strong>in.</strong></span> <span class='ocrx_word' id='word_1_155' title='bbox 761 2621 869 2707; x_wconf 82' lang='lat' dir='ltr'><strong>legum</strong></span> <span class='ocrx_word' id='word_1_156' title='bbox 896 2619 1128 2687; x_wconf 85' lang='lat' dir='ltr'><strong>constituendis</strong></span> <span class='ocrx_word' id='word_1_157' title='bbox 1150 2622 1241 2688; x_wconf 93' lang='lat' dir='ltr'><strong>libris</strong></span> <span class='ocrx_word' id='word_1_158' title='bbox 1263 2621 1344 2686; x_wconf 90' lang='lat' dir='ltr'><strong>nullo</strong></span> 
     </span>
     <span class='ocr_line' id='line_1_22' title="bbox 240 2721 1345 2810; baseline 0.001 -23"><span class='ocrx_word' id='word_1_159' title='bbox 240 2722 337 2787; x_wconf 89' lang='lat' dir='ltr'><strong>modo</strong></span> <span class='ocrx_word' id='word_1_160' title='bbox 359 2721 496 2788; x_wconf 87' lang='lat' dir='ltr'><strong>vidimus</strong></span> <span class='ocrx_word' id='word_1_161' title='bbox 517 2721 552 2788; x_wconf 89' lang='lat' dir='ltr'><strong>id</strong></span> <span class='ocrx_word' id='word_1_162' title='bbox 573 2745 668 2808; x_wconf 88' lang='lat' dir='ltr'><strong>posse</strong></span> <span class='ocrx_word' id='word_1_163' title='bbox 691 2725 792 2808; x_wconf 89' lang='lat' dir='ltr'><strong>effici,</strong></span> <span class='ocrx_word' id='word_1_164' title='bbox 819 2732 857 2788; x_wconf 92' lang='lat' dir='ltr'><strong>ut</strong></span> <span class='ocrx_word' id='word_1_165' title='bbox 883 2723 984 2788; x_wconf 74' lang='lat' dir='ltr'><strong>bituri</strong></span> <span class='ocrx_word' id='word_1_166' title='bbox 1006 2746 1099 2790; x_wconf 88' lang='lat' dir='ltr'><strong>casus</strong></span> <span class='ocrx_word' id='word_1_167' title='bbox 1124 2725 1179 2810; x_wconf 90' lang='lat' dir='ltr'><strong>qui</strong></span> <span class='ocrx_word' id='word_1_168' title='bbox 1202 2724 1345 2792; x_wconf 89' lang='lat' dir='ltr'><strong>accidere</strong></span> 
     </span>
     <span class='ocr_line' id='line_1_23' title="bbox 239 2824 1345 2911; baseline 0.002 -21"><span class='ocrx_word' id='word_1_169' title='bbox 239 2833 376 2911; x_wconf 88' lang='lat' dir='ltr'><strong>possunt</strong></span> <span class='ocrx_word' id='word_1_170' title='bbox 397 2847 507 2891; x_wconf 90' lang='lat' dir='ltr'><strong>omnes</strong></span> <span class='ocrx_word' id='word_1_171' title='bbox 530 2824 737 2893; x_wconf 87' lang='lat' dir='ltr'><strong>definiantur:</strong></span> <span class='ocrx_word' id='word_1_172' title='bbox 762 2829 809 2892; x_wconf 94' lang='lat' dir='ltr'><strong>sic</strong></span> <span class='ocrx_word' id='word_1_173' title='bbox 829 2827 863 2890; x_wconf 90' lang='lat' dir='ltr'><strong>in</strong></span> <span class='ocrx_word' id='word_1_174' title='bbox 886 2826 1061 2891; x_wconf 89' lang='lat' dir='ltr'><strong>condendis</strong></span> <span class='ocrx_word' id='word_1_175' title='bbox 1081 2850 1212 2911; x_wconf 89' lang='lat' dir='ltr'><strong>quoque</strong></span> <span class='ocrx_word' id='word_1_176' title='bbox 1226 2829 1345 2894; x_wconf 88' lang='lat' dir='ltr'><strong>littera·</strong></span> 
     </span>
     <span class='ocr_line' id='line_1_24' title="bbox 240 2927 1347 3014; baseline -0.002 -20"><span class='ocrx_word' id='word_1_177' title='bbox 240 2951 310 2994; x_wconf 91' lang='lat' dir='ltr'><strong>rum</strong></span> <span class='ocrx_word' id='word_1_178' title='bbox 325 2928 437 3014; x_wconf 89' lang='lat' dir='ltr'><strong>primis</strong></span> <span class='ocrx_word' id='word_1_179' title='bbox 458 2928 647 2995; x_wconf 85' lang='lat' dir='ltr'><strong>rudimentis</strong></span> <span class='ocrx_word' id='word_1_180' title='bbox 669 2932 777 2996; x_wconf 90' lang='lat' dir='ltr'><strong>omnia</strong></span> <span class='ocrx_word' id='word_1_181' title='bbox 799 2927 921 2995; x_wconf 83' lang='lat' dir='ltr'><strong>absolvi</strong></span> <span class='ocrx_word' id='word_1_182' title='bbox 935 2937 1105 3012; x_wconf 89' lang='lat' dir='ltr'><strong>nequeunt.</strong></span> <span class='ocrx_word' id='word_1_183' title='bbox 1142 2927 1256 3010; x_wconf 78' lang='lat' dir='ltr'><strong>Quare</strong></span> <span class='ocrx_word' id='word_1_184' title='bbox 1272 2931 1300 2996; x_wconf 90' lang='lat' dir='ltr'><strong>si</strong></span> <span class='ocrx_word' id='word_1_185' title='bbox 1316 2931 1347 2994; x_wconf 92' lang='lat' dir='ltr'><strong>in</strong></span> 
     </span>
     <span class='ocr_line' id='line_1_25' title="bbox 241 3031 1347 3119; baseline 0 -23"><span class='ocrx_word' id='word_1_186' title='bbox 241 3031 413 3118; x_wconf 87' lang='lat' dir='ltr'><strong>alphabeto</strong></span> <span class='ocrx_word' id='word_1_187' title='bbox 435 3032 545 3098; x_wconf 78' lang='lat' dir='ltr'><strong>Ethici</strong></span> <span class='ocrx_word' id='word_1_188' title='bbox 573 3035 740 3099; x_wconf 89' lang='lat' dir='ltr'><strong>nonnullos</strong></span> <span class='ocrx_word' id='word_1_189' title='bbox 769 3055 865 3098; x_wconf 89' lang='lat' dir='ltr'><strong>sonos</strong></span> <span class='ocrx_word' id='word_1_190' title='bbox 891 3033 1018 3119; x_wconf 82' lang='lat' dir='ltr'><strong>liuguae</strong></span> <span class='ocrx_word' id='word_1_191' title='bbox 1040 3033 1189 3118; x_wconf 89' lang='lat' dir='ltr'><strong>proprios</strong></span> <span class='ocrx_word' id='word_1_192' title='bbox 1213 3031 1347 3100; x_wconf 82' lang='lat' dir='ltr'><strong>Sclavo·</strong></span> 
     </span>
     <span class='ocr_line' id='line_1_26' title="bbox 240 3133 1346 3223; baseline -0.001 -24"><span class='ocrx_word' id='word_1_193' title='bbox 240 3136 332 3200; x_wconf 85' lang='lat' dir='ltr'><strong>nicae</strong></span> <span class='ocrx_word' id='word_1_194' title='bbox 353 3134 582 3219; x_wconf 83' lang='lat' dir='ltr'><strong>desideramus,</strong></span> <span class='ocrx_word' id='word_1_195' title='bbox 604 3159 668 3202; x_wconf 90' lang='lat' dir='ltr'><strong>non</strong></span> <span class='ocrx_word' id='word_1_196' title='bbox 687 3135 761 3201; x_wconf 89' lang='lat' dir='ltr'><strong>inde</strong></span> <span class='ocrx_word' id='word_1_197' title='bbox 778 3135 922 3218; x_wconf 86' lang='lat' dir='ltr'><strong>sequitur</strong></span> <span class='ocrx_word' id='word_1_198' title='bbox 936 3159 955 3199; x_wconf 92' lang='lat' dir='ltr'><strong>a</strong></span> <span class='ocrx_word' id='word_1_199' title='bbox 971 3133 1169 3223; x_wconf 85' lang='lat' dir='ltr'><strong>Glagolitico</strong></span> <span class='ocrx_word' id='word_1_200' title='bbox 1186 3135 1346 3200; x_wconf 84' lang='lat' dir='ltr'><strong>diversum</strong></span> 
     </span>
     <span class='ocr_line' id='line_1_27' title="bbox 241 3237 1346 3324; baseline -0.002 -20"><span class='ocrx_word' id='word_1_201' title='bbox 241 3261 325 3305; x_wconf 90' lang='lat' dir='ltr'><strong>esse:</strong></span> <span class='ocrx_word' id='word_1_202' title='bbox 361 3238 440 3304; x_wconf 89' lang='lat' dir='ltr'><strong>illud</strong></span> <span class='ocrx_word' id='word_1_203' title='bbox 469 3240 576 3324; x_wconf 90' lang='lat' dir='ltr'><strong>potius</strong></span> <span class='ocrx_word' id='word_1_204' title='bbox 605 3237 859 3304; x_wconf 89' lang='lat' dir='ltr'><strong>concludendum</strong></span> <span class='ocrx_word' id='word_1_205' title='bbox 889 3240 965 3321; x_wconf 85' lang='lat' dir='ltr'><strong>erit,</strong></span> <span class='ocrx_word' id='word_1_206' title='bbox 998 3261 1036 3305; x_wconf 92' lang='lat' dir='ltr'><strong>eo</strong></span> <span class='ocrx_word' id='word_1_207' title='bbox 1065 3241 1189 3306; x_wconf 82' lang='lat' dir='ltr'><strong>factum</strong></span> <span class='ocrx_word' id='word_1_208' title='bbox 1217 3263 1288 3306; x_wconf 89' lang='lat' dir='ltr'><strong>esse</strong></span> <span class='ocrx_word' id='word_1_209' title='bbox 1314 3247 1346 3302; x_wconf 91' lang='lat' dir='ltr'><strong>ut</strong></span> 
     </span>
     <span class='ocr_line' id='line_1_28' title="bbox 241 3340 1345 3430; baseline -0.005 -20"><span class='ocrx_word' id='word_1_210' title='bbox 241 3343 351 3410; x_wconf 88' lang='lat' dir='ltr'><strong>Sclavi</strong></span> <span class='ocrx_word' id='word_1_211' title='bbox 374 3343 465 3408; x_wconf 82' lang='lat' dir='ltr'><strong>novis</strong></span> <span class='ocrx_word' id='word_1_212' title='bbox 486 3342 602 3408; x_wconf 86' lang='lat' dir='ltr'><strong>litteris</strong></span> <span class='ocrx_word' id='word_1_213' title='bbox 623 3340 816 3427; x_wconf 83' lang='lat' dir='ltr'><strong>excogitatis</strong></span> <span class='ocrx_word' id='word_1_214' title='bbox 837 3340 1043 3428; x_wconf 86' lang='lat' dir='ltr'><strong>alphabetum</strong></span> <span class='ocrx_word' id='word_1_215' title='bbox 1057 3343 1171 3410; x_wconf 80' lang='lat' dir='ltr'><strong>Ethioi</strong></span> <span class='ocrx_word' id='word_1_216' title='bbox 1185 3345 1345 3430; x_wconf 86' lang='lat' dir='ltr'><strong>explerent</strong></span> 
     </span>
     <span class='ocr_line' id='line_1_29' title="bbox 242 3445 573 3528; baseline -0.006 -19"><span class='ocrx_word' id='word_1_217' title='bbox 242 3453 337 3528; x_wconf 85' lang='lat' dir='ltr'><strong>atque</strong></span> <span class='ocrx_word' id='word_1_218' title='bbox 359 3445 573 3510; x_wconf 83' lang='lat' dir='ltr'><strong>emendarent.</strong></span> 
     </span>
    </p>

    <p class='ocr_par' dir='ltr' id='par_1_7' title="bbox 240 3545 1345 3844">
     <span class='ocr_line' id='line_1_30' title="bbox 327 3545 1345 3635; baseline 0.001 -26"><span class='ocrx_word' id='word_1_219' title='bbox 327 3545 445 3630; x_wconf 89' lang='lat' dir='ltr'><strong>Neque</strong></span> <span class='ocrx_word' id='word_1_220' title='bbox 473 3569 549 3612; x_wconf 83' lang='lat' dir='ltr'><strong>vero</strong></span> <span class='ocrx_word' id='word_1_221' title='bbox 577 3553 690 3632; x_wconf 80' lang='lat' dir='ltr'><strong>gentes</strong></span> <span class='ocrx_word' id='word_1_222' title='bbox 718 3545 791 3612; x_wconf 88' lang='lat' dir='ltr'><strong>illae</strong></span> <span class='ocrx_word' id='word_1_223' title='bbox 820 3549 898 3616; x_wconf 91' lang='lat' dir='ltr'><strong>talia</strong></span> <span class='ocrx_word' id='word_1_224' title='bbox 925 3571 989 3614; x_wconf 92' lang='lat' dir='ltr'><strong>non</strong></span> <span class='ocrx_word' id='word_1_225' title='bbox 1018 3559 1154 3616; x_wconf 87' lang='lat' dir='ltr'><strong>conatae</strong></span> <span class='ocrx_word' id='word_1_226' title='bbox 1181 3559 1345 3635; x_wconf 85' lang='lat' dir='ltr'><strong>suntper·</strong></span> 
     </span>
     <span class='ocr_line' id='line_1_31' title="bbox 240 3648 1344 3740; baseline 0 -26"><span class='ocrx_word' id='word_1_227' title='bbox 240 3649 344 3714; x_wconf 86' lang='lat' dir='ltr'><strong>ficere.</strong></span> <span class='ocrx_word' id='word_1_228' title='bbox 389 3648 489 3717; x_wconf 91' lang='lat' dir='ltr'><strong>Nulla</strong></span> <span class='ocrx_word' id='word_1_229' title='bbox 518 3649 601 3713; x_wconf 87' lang='lat' dir='ltr'><strong>enim</strong></span> <span class='ocrx_word' id='word_1_230' title='bbox 632 3649 694 3714; x_wconf 89' lang='lat' dir='ltr'><strong>alia</strong></span> <span class='ocrx_word' id='word_1_231' title='bbox 723 3673 763 3716; x_wconf 82' lang='lat' dir='ltr'><strong>ex</strong></span> <span class='ocrx_word' id='word_1_232' title='bbox 792 3672 889 3716; x_wconf 87' lang='lat' dir='ltr'><strong>causa</strong></span> <span class='ocrx_word' id='word_1_233' title='bbox 917 3661 974 3718; x_wconf 88' lang='lat' dir='ltr'><strong>aut</strong></span> <span class='ocrx_word' id='word_1_234' title='bbox 997 3649 1171 3740; x_wconf 86' lang='lat' dir='ltr'><strong>Glagoliza</strong></span> <span class='ocrx_word' id='word_1_235' title='bbox 1201 3661 1273 3720; x_wconf 89' lang='lat' dir='ltr'><strong>orta</strong></span> <span class='ocrx_word' id='word_1_236' title='bbox 1301 3657 1344 3716; x_wconf 89' lang='lat' dir='ltr'><strong>est</strong></span> 
     </span>
     <span class='ocr_line' id='line_1_32' title="bbox 241 3751 1344 3844; baseline 0.002 -26"><span class='ocrx_word' id='word_1_237' title='bbox 241 3762 297 3818; x_wconf 92' lang='lat' dir='ltr'><strong>aut</strong></span> <span class='ocrx_word' id='word_1_238' title='bbox 317 3753 414 3841; x_wconf 85' lang='lat' dir='ltr'><strong>longo</strong></span> <span class='ocrx_word' id='word_1_239' title='bbox 437 3751 541 3839; x_wconf 84' lang='lat' dir='ltr'><strong>spatio</strong></span> <span class='ocrx_word' id='word_1_240' title='bbox 564 3753 731 3820; x_wconf 88' lang='lat' dir='ltr'><strong>interiecto</strong></span> <span class='ocrx_word' id='word_1_241' title='bbox 755 3752 919 3841; x_wconf 82' lang='lat' dir='ltr'><strong>Oyrilliaa.</strong></span> <span class='ocrx_word' id='word_1_242' title='bbox 955 3753 1012 3823; x_wconf 87' lang='lat' dir='ltr'><strong>Sic</strong></span> <span class='ocrx_word' id='word_1_243' title='bbox 1034 3755 1164 3825; x_wconf 85' lang='lat' dir='ltr'><strong>demum</strong></span> <span class='ocrx_word' id='word_1_244' title='bbox 1188 3758 1344 3844; x_wconf 88' lang='lat' dir='ltr'><strong>explican-</strong></span> 
     </span>
    </p>
   </div>
   <div class='ocr_carea' id='block_1_5' title="bbox 241 3951 1343 4359">
    <p class='ocr_par' dir='ltr' id='par_1_8' title="bbox 241 3951 1343 4100">
     <span class='ocr_line' id='line_1_33' title="bbox 241 3951 1343 4016; baseline -0.003 -14"><span class='ocrx_word' id='word_1_245' title='bbox 241 3966 317 4012; x_wconf 85' lang='lat' dir='ltr'><strong>quam</strong></span> <span class='ocrx_word' id='word_1_246' title='bbox 338 3953 440 4004; x_wconf 87' lang='lat' dir='ltr'><strong>nonnisi</strong></span> <span class='ocrx_word' id='word_1_247' title='bbox 462 3958 522 4016; x_wconf 88' lang='lat' dir='ltr'><strong>post</strong></span> <span class='ocrx_word' id='word_1_248' title='bbox 542 3951 689 4002; x_wconf 87' lang='lat' dir='ltr'><strong>Britanniae</strong></span> <span class='ocrx_word' id='word_1_249' title='bbox 713 3951 872 4002; x_wconf 85' lang='lat' dir='ltr'><strong>obsidionem</strong></span> <span class='ocrx_word' id='word_1_250' title='bbox 889 3954 1018 4002; x_wconf 85' lang='lat' dir='ltr'><strong>inventam</strong></span> <span class='ocrx_word' id='word_1_251' title='bbox 1036 3952 1115 4002; x_wconf 82' lang='lat' dir='ltr'><strong>fuisse</strong></span> <span class='ocrx_word' id='word_1_252' title='bbox 1134 3955 1213 4005; x_wconf 90' lang='lat' dir='ltr'><strong>docet</strong></span> <span class='ocrx_word' id='word_1_253' title='bbox 1230 3952 1343 4005; x_wconf 88' lang='lat' dir='ltr'><strong>Wilhclm</strong></span> 
     </span>
     <span class='ocr_line' id='line_1_34' title="bbox 242 4033 1001 4100; baseline -0.003 -14"><span class='ocrx_word' id='word_1_254' title='bbox 242 4034 339 4086; x_wconf 85' lang='lat' dir='ltr'><strong>Grimm</strong></span> <span class='ocrx_word' id='word_1_255' title='bbox 358 4039 459 4096; x_wconf 87' lang='lat' dir='ltr'><strong>„Ueber</strong></span> <span class='ocrx_word' id='word_1_256' title='bbox 477 4038 516 4087; x_wconf 89' lang='lat' dir='ltr'><strong>die</strong></span> <span class='ocrx_word' id='word_1_257' title='bbox 536 4040 674 4089; x_wconf 87' lang='lat' dir='ltr'><strong>deutschen</strong></span> <span class='ocrx_word' id='word_1_258' title='bbox 692 4033 799 4087; x_wconf 86' lang='lat' dir='ltr'><strong>Runen“</strong></span> <span class='ocrx_word' id='word_1_259' title='bbox 817 4052 874 4100; x_wconf 83' lang='lat' dir='ltr'><strong>pag.</strong></span> <span class='ocrx_word' id='word_1_260' title='bbox 888 4035 950 4086; x_wconf 71' lang='lat'><strong>240.</strong></span> <span class='ocrx_word' id='word_1_261' title='bbox 964 4052 1001 4099; x_wconf 84' lang='lat' dir='ltr'><strong>sq.</strong></span> 
     </span>
    </p>

    <p class='ocr_par' dir='ltr' id='par_1_9' title="bbox 243 4119 1342 4274">
     <span class='ocr_line' id='line_1_35' title="bbox 311 4119 1342 4189; baseline 0.008 -21"><span class='ocrx_word' id='word_1_262' title='bbox 311 4119 378 4180; x_wconf 84' lang='grc'>497)</span> <span class='ocrx_word' id='word_1_263' title='bbox 398 4125 443 4173; x_wconf 85' lang='lat' dir='ltr'><strong>cfr.</strong></span> <span class='ocrx_word' id='word_1_264' title='bbox 463 4125 599 4174; x_wconf 85' lang='lat' dir='ltr'><strong>Kirchhoff</strong></span> <span class='ocrx_word' id='word_1_265' title='bbox 615 4127 676 4183; x_wconf 86' lang='lat' dir='ltr'><strong>„das</strong></span> <span class='ocrx_word' id='word_1_266' title='bbox 696 4121 835 4175; x_wconf 85' lang='lat' dir='ltr'><strong>Gothischc</strong></span> <span class='ocrx_word' id='word_1_267' title='bbox 853 4121 1112 4186; x_wconf 83' lang='lat' dir='ltr'><strong>Runen-Alphabet“</strong></span> <span class='ocrx_word' id='word_1_268' title='bbox 1131 4125 1174 4174; x_wconf 85' lang='lat' dir='ltr'><strong>in:</strong></span> <span class='ocrx_word' id='word_1_269' title='bbox 1200 4127 1342 4189; x_wconf 82' lang='lat' dir='ltr'><strong>Programm</strong></span> 
     </span>
     <span class='ocr_line' id='line_1_36' title="bbox 243 4203 1211 4274; baseline 0.004 -18"><span class='ocrx_word' id='word_1_270' title='bbox 243 4207 285 4256; x_wconf 86' lang='lat' dir='ltr'><strong>des</strong></span> <span class='ocrx_word' id='word_1_271' title='bbox 301 4205 569 4260; x_wconf 76' lang='lat' dir='ltr'><strong>Ioachimsthel&#39;sohen</strong></span> <span class='ocrx_word' id='word_1_272' title='bbox 589 4211 776 4273; x_wconf 84' lang='lat' dir='ltr'><strong>Gymnasiums.</strong></span> <span class='ocrx_word' id='word_1_273' title='bbox 807 4209 895 4260; x_wconf 82' lang='lat' dir='ltr'><strong>Berlin</strong></span> <span class='ocrx_word' id='word_1_274' title='bbox 916 4207 992 4258; x_wconf 79' lang='lat'><strong>1851.</strong></span> <span class='ocrx_word' id='word_1_275' title='bbox 1021 4203 1065 4257; x_wconf 79' lang='lat'><strong>4⁰.</strong></span> <span class='ocrx_word' id='word_1_276' title='bbox 1093 4223 1152 4274; x_wconf 76' lang='lat' dir='ltr'><strong>pag.</strong></span> <span class='ocrx_word' id='word_1_277' title='bbox 1167 4209 1211 4260; x_wconf 84' lang='grc'><strong>36.</strong></span> 
     </span>
    </p>

    <p class='ocr_par' dir='ltr' id='par_1_10' title="bbox 312 4284 1163 4359">
     <span class='ocr_line' id='line_1_37' title="bbox 312 4284 1163 4359; baseline 0.002 -17"><span class='ocrx_word' id='word_1_278' title='bbox 312 4284 378 4348; x_wconf 73' lang='grc'><strong>498)</strong></span> <span class='ocrx_word' id='word_1_279' title='bbox 398 4291 443 4338; x_wconf 77' lang='lat' dir='ltr'><strong>atr.</strong></span> <span class='ocrx_word' id='word_1_280' title='bbox 461 4292 630 4357; x_wconf 83' lang='lat' dir='ltr'><strong>Dobrowsky,</strong></span> <span class='ocrx_word' id='word_1_281' title='bbox 648 4295 769 4346; x_wconf 87' lang='lat' dir='ltr'><strong>Institutt.</strong></span> <span class='ocrx_word' id='word_1_282' title='bbox 789 4295 848 4357; x_wconf 79' lang='lat' dir='ltr'><strong>ling.</strong></span> <span class='ocrx_word' id='word_1_283' title='bbox 868 4293 958 4344; x_wconf 79' lang='lat' dir='ltr'><strong>Slavic.</strong></span> <span class='ocrx_word' id='word_1_284' title='bbox 977 4292 999 4354; x_wconf 68' lang='lat' dir='ltr'><strong>l.</strong></span> <span class='ocrx_word' id='word_1_285' title='bbox 1014 4295 1046 4349; x_wconf 87' lang='lat' dir='ltr'><strong>V.</strong></span> <span class='ocrx_word' id='word_1_286' title='bbox 1065 4309 1124 4359; x_wconf 82' lang='lat' dir='ltr'><strong>pag.</strong></span> <span class='ocrx_word' id='word_1_287' title='bbox 1139 4295 1163 4344; x_wconf 88' lang='grc'><strong>5.</strong></span> 
     </span>
    </p>
   </div>
   <div class='ocr_carea' id='block_1_6' title="bbox 0 0 1396 5092">
    <p class='ocr_par' dir='ltr' id='par_1_11' title="bbox 0 0 1396 5092">
     <span class='ocr_line' id='line_1_38' title="bbox 0 0 1396 5092; baseline 0 0"><span class='ocrx_word' id='word_1_288' title='bbox 0 0 1396 5092; x_wconf 95' lang='lat' dir='ltr'><strong> </strong></span> 
     </span>
    </p>
   </div>
  </div>
 </body>
</html>
