2784 5106
588 513 627 580 21

51 688 172 754 tarium
196 710 260 771 quo
282 685 314 750 in
337 667 455 751 scholis
478 685 628 751 utebatur
646 695 683 752 ut
703 687 813 752 mundi
834 690 976 755 tabulam
993 687 1159 775 discipulis

7 854 9 858 ,
51 814 92 856 eo
108 791 221 857 melius
236 788 395 874 explicare
409 797 529 873 posset.
566 787 676 872 Quare
691 791 741 856 his
756 792 934 857 nominibus
953 815 1028 876 quo
1044 793 1158 857 fonte

51 891 310 980 Cosmographia
331 901 409 958 nata
430 893 473 958 sit
495 893 691 960 ostenditur:
722 894 777 980 qui
806 903 913 960 autem
941 895 1081 978 reliquus
1109 903 1159 960 est

49 997 163 1062 titulus
193 1006 350 1082 „quatuor
378 1018 570 1062 oceanorum
600 998 828 1082 continentia“‚
843 999 885 1064 vis
914 997 957 1062 ad
984 997 1159 1062 indolem

48 1100 177 1187 magis
200 1109 239 1166 ct
260 1110 444 1167 naturam
467 1098 741 1189 Cosmographiae
763 1101 913 1186 pertinet,
936 1102 1055 1187 quippe
1079 1122 1160 1185 quae

52 1203 308 1289 „quadripertita
322 1203 555 1289 descriptione“
578 1207 762 1272 universum
784 1214 942 1272 terrarum
964 1203 1075 1270 orbem
1092 1226 1160 1268 am·
1245 1219 1248 1227 '

49 1307 148 1391 plexa
170 1307 221 1370 sit.
1127 1360 1130 1372 .
1154 1360 1156 1368 ,

58 1441 61 1446 ·
143 1407 215 1474 Nos
236 1407 355 1474 Iulium
378 1406 548 1475 Oratorem
572 1407 847 1497 Cosmographiae
876 1431 953 1476 suae
976 1409 1062 1474 hunc
1082 1409 1160 1476 titu-

50 1511 119 1576 lum
143 1511 270 1578 dedisse
293 1512 468 1579 credimus:
545 1525 547 1530 '

320 1614 593 1700 „EXCERPTA
616 1615 898 1700 SPHAERAm,

50 1740 155 1803 neque
170 1726 278 1785 tamen
292 1721 376 1786 utin
391 1721 509 1788 talibus
525 1721 605 1786 certi
620 1720 795 1806 quidquam
810 1719 1044 1802 affirmaverim,
1067 1740 1159 1804 prae-

51 1821 163 1886 sertim
186 1843 284 1905 quum
305 1824 428 1908 reliqua
450 1847 577 1909 quoque
598 1825 728 1896 nomina
749 1823 838 1890 haud
858 1824 964 1890 minus
987 1833 1062 1910 apte
1075 1820 1157 1887 libro

49 1923 276 1990 inscribantur.

505 2099 706 2109 --—.—..-.

141 2237 172 2302 ll.
218 2233 426 2302 Recensionis
448 2244 556 2300 autem
578 2235 661 2320 cius,
684 2260 780 2322 quam
802 2238 939 2325 primam
962 2236 1060 2304 finisse
1083 2257 1158 2303 con-

53 2337 229 2422 tendimus,
259 2333 403 2404 codicem
431 2339 683 2424 manuscriptum
711 2365 809 2406 unum
836 2350 963 2408 tantum
991 2339 1158 2422 habemus,

51 2443 190 2508 scilicet:

100 2547 143 2610 l*
168 2537 931 2606 CodParisiensemBibliothNation.
948 2541 1158 2629 4808,01im

167 2641 449 2725 Moissiacensem,
477 2641 593 2708 deinde
621 2640 658 2706 P.
688 2639 834 2724 Pithoei,
861 2639 930 2708 tum
958 2642 1160 2726 Thuaneum,

105 2785 111 2802 ·
166 2745 282 2812 deinde
311 2743 533 2812 Oolbertinum
556 2746 652 2814 2565.
682 2745 975 2831 membranaceum,
1003 2770 1067 2814 non
1095 2769 1161 2814 una

166 2849 449 2935 manuscriptum.
494 2848 592 2914 Hunc
619 2849 730 2914 laudat
756 2850 790 2914 in
811 2851 1015 2918 Bibliotheca
1036 2851 1160 2918 Biblio-

165 2954 332 3020 thecarum
346 2961 424 3020 tom.
439 2953 484 3020 Π.
500 2977 576 3041 pag.
594 2954 654 3022 961
669 2953 709 3022 Β.
734 2953 793 3023 col.
812 2954 840 3020 1.
863 2952 1143 3022 Montefalconius.

211 3059 342 3124 Insunt:
376 3057 403 3122 I.
433 3055 749 3124 Pseudo-Aethicus
776 3065 809 3121 et
829 3055 1033 3121 Itinerarium
1055 3055 1160 3122 Anto*

166 3162 245 3244 nini,
267 3181 351 3226 saec.
366 3159 448 3226 XII.
483 3158 597 3228 Codex
612 3168 644 3227 et
659 3160 823 3247 eleganter
838 3161 978 3247 scriptus
992 3169 1026 3226 et
1039 3161 1160 3247 optime

168 3271 314 3328 servatus
335 3271 393 3326 cst.
900 3287 903 3293 ¹

213 3364 259 3430 Π.
294 3363 496 3432 Itinerarium
522 3375 711 3452 sequuntur:
743 3365 950 3453 Excerpta
979 3389 1024 3430 ex
1051 3365 1159 3429 Iulio

171 3467 353 3534 Honorio
372 3488 471 3532 saec.
487 3468 553 3533 VI.
568 3473 623 3552 ¹²⁰)
637 3471 753 3537 litteris
767 3470 945 3536 uncialibus
961 3475 1101 3535 exarata
1118 3505 1160 3516 -

169 3570 374 3638 Itinerarilun
391 3567 718 3656 Hierosolymitanum
739 3596 822 3640 saec.
839 3573 908 3654 IX3
936 3611 974 3622 —
997 3571 1162 3658 Excerpta

170 3699 210 3742 ex
230 3673 431 3762 Hieronymo
453 3674 494 3740 de
515 3673 675 3762 gentibus,
697 3696 779 3740 saec.
801 3676 854 3759 X;
870 3715 911 3726 -—
935 3677 1100 3763 Anonymi
1121 3673 1161 3740 de

171 3778 397 3866 Hierosolyma
415 3779 528 3846 relatio
544 3798 628 3844 saec.
644 3776 694 3858 X3
713 3816 755 3827 -
777 3779 910 3847 Notieia
925 3780 1162 3868 provinciarum

173 3879 300 3947 Galliae
327 3903 410 3948 saec.
428 3882 481 3964 X3
505 3922 545 3930 —
574 3879 716 3947 Nomina
743 3885 980 3969 provinciarum
1001 3881 1162 3948 Romana-

61 4055 261 4067 .-..---—-

134 4139 201 4203 120)
220 4143 264 4203 ita,
283 4149 346 4192 teste
364 4143 396 4191 V.
410 4142 449 4193 Ol.
469 4142 585 4223 Gustare
599 4144 720 4208 Parthey:
739 4159 791 4193 non
810 4159 830 4192 s.
843 4145 912 4198 VIII.
932 4147 999 4210 quod
1018 4159 1050 4196 cx
1066 4147 1162 4200 Biblio-

63 4231 152 4279 thecae
168 4229 318 4278 Parisiensis
333 4226 456 4293 catalogo
474 4238 628 4294 exceperunt
639 4232 721 4294 Perta,
739 4230 834 4282 Archiv
846 4237 893 4284 etc.
908 4233 965 4298 VH,
982 4248 1040 4300 pag.
1053 4234 1096 4286 50.
1109 4237 1162 4286 init.

65 4324 91 4367 et
107 4313 280 4367 D’Avenaciua
297 4316 313 4364 l.
333 4331 360 4386 e..
373 4331 430 4380 pag.
444 4315 503 4368 315.
522 4319 575 4368 init.
