2780 5092
754 431 818 498 174
918 405 919 412 ‘

234 609 293 672 hos
321 605 435 672 XVII.
459 622 570 668 *annos
601 605 722 690 primm
752 601 852 669 edidit
885 602 1155 670 Bartholomaeus
1186 582 1332 688 Kopitrir.

235 709 335 776 Cuius
357 711 495 796 primum
517 707 628 771 folium
651 708 820 774 recentiori
841 731 937 773 manu
960 709 1006 772 ita
1024 708 1188 794 signatum
1205 709 1331 786 est⁴⁶³lz

235 815 314 898 „Isti
343 811 518 897 quinterni‚
552 809 606 874 hio
633 812 719 878 intus
748 811 855 899 ligati,
885 811 996 896 scripti
1023 812 1156 876 fuerunt
1178 809 1218 874 de
1240 833 1334 874 manu

232 917 363 1002 propria
385 915 419 981 S.
435 913 620 997 lberonimi,
643 915 795 980 ecelesiae
818 915 882 979 Dei
904 913 1046 979 doctoris
1069 913 1258 978 acutissimi.
1293 913 1335 977 Et

233 1027 306 1083 sunt
327 1017 444 1083 bibliae
465 1041 540 1104 pars
562 1019 596 1084 in
617 1019 727 1106 lingua
742 1016 896 1084 Oroatina
918 1017 1046 1102 seripta.
1080 1017 1128 1082 Et
1150 1017 1231 1081 mihi
1253 1015 1335 1080 dono

233 1121 322 1185 dedit
343 1121 387 1184 D.
409 1121 519 1186 Lucas
544 1121 585 1186 de
606 1121 797 1208 Reynaldis‚
824 1121 994 1208 presbyter
1014 1120 1190 1208 Veglensis
1212 1121 1337 1185 dioece-

232 1247 320 1306 seoS‚
350 1225 404 1308 qui
425 1225 539 1289 habuit
562 1249 581 1289 a
601 1223 779 1312 Magnifieo
801 1224 941 1290 Domino
963 1224 1109 1290 Iohanne
1132 1223 1173 1289 de
1196 1224 1339 1310 Frange-

231 1328 379 1413 panibus‚
403 1327 530 1392 domino
553 1328 674 1394 insulae
689 1329 860 1414 praefatae
880 1327 1015 1416 Veglae‚
1038 1328 1095 1412 qui
1117 1327 1239 1393 librum
1263 1349 1339 1392 auro

232 1439 264 1495 et
287 1439 420 1518 argento
444 1441 591 1497 ornatum
613 1453 672 1517 pro
695 1432 836 1516 reliquiis
858 1430 1078 1496 venerabatur.
1115 1431 1164 1496 Et
1187 1453 1263 1496 oum
1275 1430 1340 1495 Ve-

231 1535 326 1598 netiis
348 1543 508 1618 mortuus,
533 1558 576 1600 ae
599 1537 684 1625 bona
706 1557 766 1598 sua
786 1535 818 1599 in
841 1533 994 1619 praedam
1017 1533 1095 1600 data
1117 1557 1158 1598 ae
1182 1534 1342 1599 distracta

229 1637 378 1718 fuissent,
409 1639 504 1700 etiam
533 1636 573 1700 de
600 1636 663 1700 hoo
690 1636 772 1700 libro
801 1658 912 1700 aurum
941 1644 974 1700 et
997 1645 1168 1722 argentum
1192 1645 1342 1701 amotum

229 1739 304 1820 fuit,
335 1746 367 1802 et
394 1759 470 1822 pars
497 1738 569 1804 libri
598 1740 742 1823 praefato
765 1739 808 1802 D.
833 1737 945 1802 Lucae
966 1739 1000 1801 in
1021 1761 1136 1804 manus
1160 1740 1270 1821 venit,
1302 1739 1342 1802 de

230 1863 293 1926 qua
315 1841 413 1905 miehi
434 1840 634 1925 Marquardo
656 1839 858 1927 Breysaeher
880 1841 988 1921 militi,
1018 1850 1050 1905 et
1078 1851 1160 1908 tuno
1182 1843 1341 1928 temporis

231 1943 391 2012 Caesareo
420 1945 554 2027 oratori,
586 1953 618 2009 et
646 1945 736 2029 pacis
764 1944 848 2007 inter
874 1943 1127 2009 Illustrissimum
1157 1946 1341 2010 Dominum

230 2047 471 2134 Sigismundum
493 2045 711 2112 Arohiduoem
733 2046 886 2110 nustriae
913 2068 953 2109 ex
981 2069 1060 2128 una,
1090 2057 1124 2112 et
1150 2048 1343 2114 Illustrissi-

229 2174 316 2215 mum
339 2150 546 2213 Venetiarum
569 2149 743 2235 Dominum
765 2148 910 2233 parcium
932 2148 1035 2232 (sici)
1066 2171 1108 2214 ex
1131 2151 1240 2216 altera
1265 2173 1344 2216 oon·

228 2251 357 2333 lectori,
380 2252 452 2315 illos
473 2250 613 2315 inclusos
636 2249 717 2315 duos
732 2251 924 2335 'quinternos
945 2273 1005 2336 pro
1028 2251 1164 2338 speeiali
1188 2262 1224 2319 et
1247 2265 1343 2343 grato

227 2367 358 2419 munere
380 2353 477 2419 dedit.
523 2355 620 2418 Anno
647 2376 667 2417 a
687 2353 869 2419 Nativitate
892 2354 1024 2418 Domini
1046 2353 1252 2424 MOOOC“.

272 2446 275 2450 .
316 2457 382 2525 Sed
403 2459 437 2522 in
460 2457 534 2521 anni
557 2457 734 2547 signatione
751 2458 830 2521 latet
846 2449 970 2540 vitium,
994 2459 1070 2542 quia
1083 2463 1263 2546 praedicta
1278 2465 1342 2529 Ar-

228 2561 356 2627 chiduei
379 2560 596 2649 sigismundo,
619 2561 738 2626 Tirolis
757 2561 881 2644 eomiti,
902 2583 967 2646 pax
990 2579 1063 2628 oum
1085 2563 1231 2633 Venetis
1253 2569 1342 2632 faeta

228 2664 290 2730 est'
305 2687 387 2729 anno
418 2663 513 2734 1487.
567 2661 676 2744 Quare
705 2685 803 2750 quum
831 2687 859 2728 a.
891 2666 984 2734 1509.
1015 2687 1032 2731 e
1061 2668 1131 2734 vita
1160 2671 1344 2737 excesserit

227 2766 447 2851 Marquardus·
464 2766 741 2853 Breisaeher⁴⁷⁰),
763 2768 847 2832 intra
869 2767 965 2833 hosce
987 2769 1105 2836 XXII.
1131 2762 1240 2838 annos
1264 2783 1344 2838 nota

226 2872 280 2936 illa
308 2870 474 2936 referenda
502 2879 567 2958 est,
597 2872 664 2936 sive
693 2867 894 2937 MOOOOO:
923 2871 990 2935 sive
1018 2873 1115 2936 alium
1147 2897 1277 2941 annum
1308 2885 1344 2940 tu

227 2976 365 3041 seribere
391 2975 503 3040 mavis.
550 2973 760 3062 Consoriptus
789 2983 895 3039 autem
925 2973 1051 3038 videtur
1072 2975 1181 3042 codex
1206 2975 1345 3042 Olozia-

226 3102 286 3146 nus
313 3101 377 3145 non
406 3088 479 3164 post
508 3101 591 3144 saec.
615 3079 678 3146 XI.
693 3081 749 3162 ⁴⁷¹)
778 3079 825 3144 ita
852 3088 889 3144 ut
911 3078 1030 3164 optime
1051 3079 1181 3146 refellat
1205 3079 1346 3146 Dobro-
1381 3129 1382 3172 3

227 3183 329 3264 vium,
359 3203 398 3246 ex
422 3183 512 3248 cuius
534 3182 663 3266 quidem
686 3182 843 3247 sententia
865 3181 1072 3268 alphabetum
1095 3181 1343 3271 Glagoliticum
1381 3179 1382 3216 ³

225 3285 353 3362 nonnisi
375 3277 566 3352 sueaXHI.
584 3309 604 3351 a
626 3285 741 3350 elerico
752 3283 1091 3374 Dalmatiae'quodam
1108 3311 1171 3374 per
1189 3289 1343 3355 fraudem

227 3389 261 3458 S.
276 3390 476 3477 Hieronymo
497 3389 685 3474 inscriptum
708 3387 777 3452 fuit.
812 3389 865 3482 En
882 3389 1045 3478 popularis
1064 3391 1175 3456 famae
1201 3391 1246 3457 de
1263 3393 1342 3458 Hie-

225 3495 412 3578 ronymiana
434 3514 596 3557 sacrorum
617 3491 765 3557 codicum
780 3494 925 3558 versione
940 3479 1173 3562 documentum
1195 3499 1343 3582 peranti-

225 3617 337 3679 quum;
366 3617 441 3660 nam
462 3596 579 3660 librum
600 3594 689 3660 illum
712 3595 912 3683 scripturam
934 3618 1076 3679 seuram,
1105 3597 1133 3662 si
1164 3623 1237 3664 non
1261 3602 1343 3666 inte-

224 3720 325 3786 gram,
349 3695 406 3762 sed
427 3706 535 3762 tamen
557 3706 681 3783 partem
704 3700 783 3783 eius,
806 3699 987 3766 exhibuisse
1002 3708 1051 3765 est
1063 3701 1243 3787 probabile
1251 3707 1320 3787 ⁴⁷²).

295 3893 362 3958 469)
379 3896 424 3946 cfr.
445 3895 563 3959 Glagolit.
583 3895 696 3946 Clozian.
714 3911 773 3959 pag.
785 3889 849 3946 ΝΒ.
869 3904 933 3946 extr.
952 3911 1007 3960 sqq.
1027 3895 1060 3957 (ξ.
1076 3897 1121 3946 IV.
1140 3897 1341 3961 praefationis).

269 3980 362 4043 ”470)
383 3983 502 4046 Glagolit.
522 3983 635 4034 Gloriari.
653 3997 712 4047 pag.
724 3983 773 4031 V0.

294 4065 362 4128 tn)
381 4069 468 4133 Haupt
484 4071 502 4119 l.
515 4086 536 4120 e.
555 4085 613 4134 pag.
629 4068 669 4118 14.
682 4073 741 4132 post
757 4071 823 4118 med.
843 4077 869 4119 et
881 4069 1035 4131 „Evangelia
1047 4067 1164 4118 Slaviee‘*
1181 4081 1235 4124 eto.
1258 4073 1343 4125 edidd.

224 4151 343 4201 Silvestre
362 4162 387 4204 et
404 4157 435 4204 B.
453 4157 569 4219 Kopitar,
588 4157 692 4206 Parisiis
713 4153 787 4206 1843.
815 4150 858 4204 4⁰.
885 4167 942 4216 pag.
956 4154 1001 4202 XI.

293 4234 361 4294 472)
381 4241 425 4288 efr.
446 4240 565 4304 Glagolit.
585 4241 698 4291 Clozian.
716 4256 774 4304 pag.
787 4231 862 4290 vni.
896 4239 989 4302 Haupt.
1008 4235 1024 4289 l.
1039 4254 1061 4290 e.
1078 4252 1137 4304 pag.
1152 4234 1199 4290 6.'
