2784 5106
794 527 837 596 30

352 702 490 769 Restant
511 701 671 768 secundae
692 701 885 768 recensionis
904 700 978 766 libri
993 700 1144 788 quinque,
1167 703 1223 787 qui
1240 702 1286 770 ad
1303 729 1369 772 eau-

265 807 338 872 dem
367 805 528 892 pertinent
555 805 709 884 familiam
738 827 776 871 ac
806 804 1033 888 Scorialensis,
1062 814 1095 871 et
1122 807 1178 890 qui
1205 807 1241 872 in
1268 809 1368 877 fronte

265 918 381 1000 gerunt
402 909 501 976 verba
525 905 708 993 „Chronica
728 908 804 974 Iulii
826 906 1007 974 Caesaris“.
1047 905 1367 998 Quorum-antiquis·

264 1017 363 1080 simus
388 1014 576 1100 (Parisiens.
596 1011 761 1098 Supplam.
780 1013 854 1082 685.
878 1034 962 1079 saec.
977 1011 1068 1097 IX.),
1090 1013 1126 1077 ni
1145 1013 1303 1100 fallimur,
1327 1043 1367 1082 ar·

264 1118 438 1205 ohetypum
468 1126 517 1184 est
545 1114 616 1181 cod.
638 1114 790 1181 Vaticani
818 1115 916 1185 3864.
945 1139 1029 1182 saec.
1050 1115 1096 1180 X.
1125 1139 1166 1182 ex
1194 1140 1260 1202 quo
1290 1119 1368 1186 libro

264 1244 322 1288 sua
343 1222 414 1286 vice
436 1231 526 1286 ortus
548 1229 598 1286 est
620 1218 691 1284 cod.
713 1218 879 1286 Palatinus
903 1221 978 1288 973.
1002 1241 1086 1284 saec.
1102 1218 1149 1283 X.
1174 1221 1229 1304 qui
1253 1223 1368 1290 deinde

264 1326 426 1412 exemplar
448 1325 509 1391 fuit
535 1323 656 1391 codicis
678 1321 873 1388 Havniensis
896 1324 972 1392 357.
997 1345 1080 1388 saec.
1101 1321 1235 1407 XVIII,
1262 1334 1302 1392 ut
1326 1330 1367 1394 vi·

264 1428 367 1512 detur,
390 1428 511 1514 scripti.
551 1424 692 1509 Quintus
715 1425 863 1510 denique,
886 1427 1009 1493 scilicet
1030 1425 1133 1493 codex
1147 1427 1250 1494 Paris.
1270 1433 1366 1500 7418.

264 1554 346 1598 saec.
364 1532 444 1597 XV.
461 1531 520 1596 etsi
535 1529 578 1595 ad
598 1529 751 1595 familiam
766 1529 809 1594 A.
831 1531 991 1617 pertinere
1014 1553 1087 1596 eum
1110 1532 1235 1614 scimus,
1259 1541 1366 1602 tamen

264 1659 304 1700 ex
327 1657 465 1720 quonam
488 1633 687 1719 superiorum
710 1631 891 1721 descriptus
913 1657 983 1700 esse
1004 1634 1167 1719 videatur,
1194 1658 1254 1721 pro
1278 1649 1366 1704 certo

262 1759 327 1804 non
350 1737 571 1825 comperimus.
610 1734 682 1802 Hos
705 1759 815 1802 omnes
837 1746 944 1804 autem
967 1762 1008 1804 ex
1029 1740 1151 1825 primae
1173 1741 1378 1807 recensionis

264 1841 376 1908 codice
404 1865 442 1907 eo
468 1848 561 1906 natos
582 1840 708 1924 fuisse,
724 1863 819 1925 quem
839 1864 940 1934 ,unum
962 1839 1069 1910 adhuc
1091 1852 1217 1910 exstare
1238 1845 1378 1929 saepius.

263 1945 416 2028 diximus,
438 1945 500 2011 hoo
523 1953 572 2010 est
593 1967 635 2010 ex
657 1944 768 2010 codice
790 1944 894 2012 Paris.
919 1945 1017 2016 4808.
1041 1969 1124 2014 saec.
1140 1947 1200 2014 VI.
1224 1947 1292 2014 iam
1319 1972 1366 2014 su-

262 2074 321 2137 pra
350 2051 427 2116 setis
457 2049 707 2114 demonstratum
734 2059 792 2115 est.
839 2047 949 2131 Quare
976 2048 1057 2114 haec
1083 2051 1149 2115 fere
1176 2059 1225 2117 est
1247 2071 1378 2148 cognas

262 2155 359 2220 tionis
381 2152 500 2236 tabula,
524 2151 550 2216 si
573 2151 617 2216 H.
634 2149 771 2220 Recens.
793 2154 867 2219 fam.
883 2155 926 2219 A.
949 2152 1151 2237 respicimus:

663 2282 667 2286 .
1377 2243 1378 2278 i

692 2343 755 2396 Ood.
768 2344 837 2394 Paris
855 2340 933 2390 4808.

753 2430 818 2465 saco.
831 2413 876 2463 VI.

369 2520 449 2570 coar.
463 2473 1151 2583 simmaea.
1163 2513 1229 2562 vus

261 2627 340 2675 raris.
355 2587 812 2692 immam.
850 2577 1370 2676 aeoauffiewm

280 2711 345 2744 saec.
357 2697 414 2745 XV.
663 2689 668 2760 1
861 2709 926 2742 saec.
937 2695 1006 2743 VIH.

509 2766 623 2817 Vatican.
638 2762 714 2815 ³864.
733 2778 753 2812 s.
767 2763 799 2812 X.

523 2905 629 2956 Palatin.
645 2827 703 2954 9173.
717 2918 737 2952 s.
750 2903 783 2951 X.

487 3047 637 3096 Havniansis
645 2968 704 3096 iii.
715 3041 835 3094 sxvnl.

350 3192 405 3260 Sic
429 3194 556 3261 codices
578 3193 737 3261 secundae
759 3198 855 3275 atque
877 3188 993 3253 tertiae
1014 3185 1208 3253 recensionis
1229 3184 1363 3254 Cosmu-

261 3297 414 3386 graphiae
442 3320 552 3364 omnes
581 3321 620 3364 ex
648 3297 730 3362 libro
759 3293 879 3361 saeculi
904 3293 988 3358 sexti
1010 3293 1073 3358 orti
1095 3298 1184 3373 sunt,
1213 3312 1314 3374 quem
1336 3277 1378 3356 iu

261 3401 420 3488 Hispania
454 3401 669 3488 conscriptum
702 3400 801 3464 firisse
833 3397 980 3464 dixerim.
1036 3396 1154 3462 Iulium
1182 3393 1363 3462 Honorium

261 3507 345 3570 enim
367 3507 497 3570 natione
514 3505 696 3590 Hispanum
717 3503 817 3571 firisse
839 3525 878 3569 aa
901 3525 941 3568 ex
963 3523 1071 3581 causa,
1092 3507 1130 3563 ut
1151 3498 1276 3582 opinor,
1302 3501 1378 3570 ool-2

260 3607 423 3694 ligendum
447 3619 511 3692 est,
535 3605 622 3693 quod
643 3605 823 3695 Hispaniae
846 3616 878 3673 et
895 3601 1115 3670 adiacentium
1139 3595 1268 3666 Galliae
1292 3599 1378 3690 par,

259 3711 340 3776 tium
362 3713 511 3777 notitiam
533 3712 635 3776 multo
665 3715 896 3779 accuratiorem
921 3727 1017 3788 quam
1038 3701 1153 3768 Italiae
1175 3725 1249 3768 eum
1271 3703 1378 3772 intel-1

259 3815 390 3904 ligimus
412 3815 573 3883 habuisse.
618 3815 706 3881 Nam
727 3841 802 3902 pag.
820 3813 894 3882 694.
919 3808 993 3875 695.
1021 3806 1081 3872 etsi
1103 3805 1281 3892 Hispaniae
1306 3811 1363 3876 flu-

259 3922 348 3987 mina
376 3921 483 3987 omnia
509 3940 569 3984 neo
597 3942 661 3985 non
689 3919 791 3984 multa
817 3911 938 4000 oppida
969 3919 1210 3993 enumerantur,
1238 3913 1363 3979 nullum

259 4020 373 4090 Italiae
395 4022 544 4105 fluvium,
573 4031 608 4088 et
629 4047 669 4090 ne
691 4019 834 4086 Tiberim
857 4015 986 4100 quidem
1010 4023 1066 4080 aut
1087 4015 1191 4100 ipsam
1213 4013 1363 4099 Romam,

260 4121 426 4192 laudatum
448 4127 494 4194 ibi
515 4127 700 4213 reperimus.
747 4122 804 4190 Sic
830 4117 942 4186 eodem
963 4118 1036 4184 loco
1058 4139 1132 4184 oum
1153 4117 1260 4186 fluviis
1283 4119 1363 4187 Gal-

259 4223 322 4289 liae
344 4229 560 4296 meridionalis
587 4227 763 4316 insigniora
790 4245 917 4310 quoque
946 4221 1067 4309 oppida
1088 4230 1248 4289 notantur.
1297 4224 1363 4294 Sed

260 4326 300 4394 de
329 4326 380 4393 his
409 4330 542 4414 aliisque
573 4355 653 4418 quae
681 4331 744 4394 huc
773 4335 921 4414 spectant
951 4327 1014 4394 alio
1041 4327 1113 4394 loco
1142 4325 1363 4396 disserendum
