<?xml version="1.0" encoding="UTF-8"?>
<!DOCTYPE html PUBLIC "-//W3C//DTD XHTML 1.0 Transitional//EN"
    "http://www.w3.org/TR/xhtml1/DTD/xhtml1-transitional.dtd">
<html xmlns="http://www.w3.org/1999/xhtml" xml:lang="en" lang="en">
 <head>
  <title>
</title>
<meta http-equiv="Content-Type" content="text/html;charset=utf-8" />
  <meta name='ocr-system' content='tesseract 3.04.00' />
  <meta name='ocr-capabilities' content='ocr_page ocr_carea ocr_par ocr_line ocrx_word'/>
</head>
<body>
  <div class='ocr_page' id='page_1' title='image "./decosmographiae01pertgoog_0181.png"; bbox 0 0 2780 5092; ppageno 0'>
   <div class='ocr_carea' id='block_1_1' title="bbox 745 458 915 526">
    <p class='ocr_par' dir='ltr' id='par_1_1' title="bbox 745 458 915 526">
     <span class='ocr_line' id='line_1_1' title="bbox 745 458 915 526; baseline -0.006 0"><span class='ocrx_word' id='word_1_1' title='bbox 745 458 808 526; x_wconf 77' lang='lat'><strong>170</strong></span> <span class='ocrx_word' id='word_1_2' title='bbox 912 488 915 494; x_wconf 95' lang='lat'>·</span> 
     </span>
    </p>
   </div>
   <div class='ocr_carea' id='block_1_2' title="bbox 223 625 1320 822">
    <p class='ocr_par' dir='ltr' id='par_1_2' title="bbox 223 625 1320 822">
     <span class='ocr_line' id='line_1_2' title="bbox 223 625 1319 716; baseline -0.031 9"><span class='ocrx_word' id='word_1_3' title='bbox 223 637 417 702; x_wconf 49' lang='lat' dir='ltr'><strong>*imminui</strong></span> <span class='ocrx_word' id='word_1_4' title='bbox 430 637 503 716; x_wconf 53' lang='lat' dir='ltr'><strong>‘stis</strong></span> <span class='ocrx_word' id='word_1_5' title='bbox 527 631 854 715; x_wconf 68' lang='lat' dir='ltr'><strong>Gfflbiflslsshius⁴⁴⁶)‚</strong></span> <span class='ocrx_word' id='word_1_6' title='bbox 876 625 1003 698; x_wconf 87' lang='lat' dir='ltr'><strong>Durioh</strong></span> <span class='ocrx_word' id='word_1_7' title='bbox 1016 631 1089 713; x_wconf 84' lang='lat'><strong>⁴⁴⁷),</strong></span> <span class='ocrx_word' id='word_1_8' title='bbox 1113 629 1319 712; x_wconf 79' lang='lat' dir='ltr'><strong>Dobner⁴⁴⁸)‚</strong></span> 
     </span>
     <span class='ocr_line' id='line_1_3' title="bbox 223 731 1320 822; baseline -0.02 -16"><span class='ocrx_word' id='word_1_9' title='bbox 223 737 315 806; x_wconf 87' lang='lat' dir='ltr'><strong>haud</strong></span> <span class='ocrx_word' id='word_1_10' title='bbox 341 735 532 822; x_wconf 83' lang='lat' dir='ltr'><strong>negligenda</strong></span> <span class='ocrx_word' id='word_1_11' title='bbox 561 744 610 802; x_wconf 91' lang='lat' dir='ltr'><strong>est</strong></span> <span class='ocrx_word' id='word_1_12' title='bbox 639 734 796 800; x_wconf 84' lang='lat' dir='ltr'><strong>sententia</strong></span> <span class='ocrx_word' id='word_1_13' title='bbox 823 732 1000 800; x_wconf 81' lang='lat' dir='ltr'><strong>doctissimi</strong></span> <span class='ocrx_word' id='word_1_14' title='bbox 1021 733 1083 798; x_wconf 84' lang='lat' dir='ltr'><strong>viri</strong></span> <span class='ocrx_word' id='word_1_15' title='bbox 1103 731 1235 819; x_wconf 87' lang='lat' dir='ltr'><strong>Iosephi</strong></span> <span class='ocrx_word' id='word_1_16' title='bbox 1255 731 1320 798; x_wconf 87' lang='lat' dir='ltr'><strong>D0.</strong></span> 
     </span>
    </p>
   </div>
   <div class='ocr_carea' id='block_1_3' title="bbox 115 833 1323 926">
    <p class='ocr_par' dir='ltr' id='par_1_3' title="bbox 115 833 1323 926">
     <span class='ocr_line' id='line_1_4' title="bbox 115 833 1323 926; baseline -0.008 -17"><span class='ocrx_word' id='word_1_17' title='bbox 115 833 117 838; x_wconf 39' lang='lat'><strong><em>¹</em></strong></span> <span class='ocrx_word' id='word_1_18' title='bbox 226 840 337 909; x_wconf 82' lang='lat' dir='ltr'><strong>hrovii</strong></span> <span class='ocrx_word' id='word_1_19' title='bbox 373 838 570 908; x_wconf 77' lang='lat' dir='ltr'><strong>Dicitenim</strong></span> <span class='ocrx_word' id='word_1_20' title='bbox 592 838 714 914; x_wconf 85' lang='lat' dir='ltr'><strong>litteras</strong></span> <span class='ocrx_word' id='word_1_21' title='bbox 730 836 941 926; x_wconf 86' lang='lat' dir='ltr'><strong>Glagolitioas</strong></span> <span class='ocrx_word' id='word_1_22' title='bbox 959 835 1180 920; x_wconf 85' lang='lat' dir='ltr'><strong>antiquissimo</strong></span> <span class='ocrx_word' id='word_1_23' title='bbox 1200 851 1323 900; x_wconf 88' lang='lat' dir='ltr'><strong>rumore</strong></span> 
     </span>
    </p>
   </div>
   <div class='ocr_carea' id='block_1_4' title="bbox 226 937 1349 2567">
    <p class='ocr_par' dir='ltr' id='par_1_4' title="bbox 226 937 1349 2567">
     <span class='ocr_line' id='line_1_5' title="bbox 226 937 1323 1028; baseline -0.007 -20"><span class='ocrx_word' id='word_1_24' title='bbox 226 942 268 1008; x_wconf 89' lang='lat' dir='ltr'><strong>ad</strong></span> <span class='ocrx_word' id='word_1_25' title='bbox 290 944 487 1008; x_wconf 85' lang='lat' dir='ltr'><strong>inventorem</strong></span> <span class='ocrx_word' id='word_1_26' title='bbox 510 940 742 1028; x_wconf 78' lang='lat' dir='ltr'><strong>Hieronymum</strong></span> <span class='ocrx_word' id='word_1_27' title='bbox 769 940 880 1009; x_wconf 87' lang='lat' dir='ltr'><strong>reduci</strong></span> <span class='ocrx_word' id='word_1_28' title='bbox 891 941 973 1023; x_wconf 67' lang='grc'><strong>449),.</strong></span> <span class='ocrx_word' id='word_1_29' title='bbox 992 937 1191 1024; x_wconf 82' lang='lat' dir='ltr'><strong>eandemque</strong></span> <span class='ocrx_word' id='word_1_30' title='bbox 1212 959 1323 1014; x_wconf 84' lang='lat' dir='ltr'><strong>vanam</strong></span> 
     </span>
     <span class='ocr_line' id='line_1_6' title="bbox 226 1041 1323 1130; baseline -0.004 -20"><span class='ocrx_word' id='word_1_31' title='bbox 226 1044 408 1130; x_wconf 83' lang='lat' dir='ltr'><strong>opinionem</strong></span> <span class='ocrx_word' id='word_1_32' title='bbox 430 1045 586 1128; x_wconf 85' lang='lat' dir='ltr'><strong>usquein</strong></span> <span class='ocrx_word' id='word_1_33' title='bbox 607 1043 769 1114; x_wconf 80' lang='lat' dir='ltr'><strong>Matthaei</strong></span> <span class='ocrx_word' id='word_1_34' title='bbox 792 1041 965 1108; x_wconf 79' lang='lat' dir='ltr'><strong>Cenomani</strong></span> <span class='ocrx_word' id='word_1_35' title='bbox 986 1049 1132 1128; x_wconf 91' lang='lat' dir='ltr'><strong>tempora</strong></span> <span class='ocrx_word' id='word_1_36' title='bbox 1155 1050 1189 1108; x_wconf 92' lang='lat' dir='ltr'><strong>et</strong></span> <span class='ocrx_word' id='word_1_37' title='bbox 1211 1064 1323 1108; x_wconf 85' lang='lat' dir='ltr'><strong>annum</strong></span> 
     </span>
     <span class='ocr_line' id='line_1_7' title="bbox 229 1143 1325 1234; baseline -0.004 -22"><span class='ocrx_word' id='word_1_38' title='bbox 229 1147 324 1214; x_wconf 80' lang='lat'><strong>1753.</strong></span> <span class='ocrx_word' id='word_1_39' title='bbox 348 1147 434 1230; x_wconf 90' lang='lat' dir='ltr'><strong>apud</strong></span> <span class='ocrx_word' id='word_1_40' title='bbox 456 1148 523 1213; x_wconf 87' lang='lat' dir='ltr'><strong>eius</strong></span> <span class='ocrx_word' id='word_1_41' title='bbox 545 1148 650 1234; x_wconf 85' lang='lat' dir='ltr'><strong>gentis</strong></span> <span class='ocrx_word' id='word_1_42' title='bbox 671 1146 815 1214; x_wconf 86' lang='lat' dir='ltr'><strong>homines</strong></span> <span class='ocrx_word' id='word_1_43' title='bbox 837 1146 977 1233; x_wconf 80' lang='lat' dir='ltr'><strong>viguisse</strong></span> <span class='ocrx_word' id='word_1_44' title='bbox 990 1147 1057 1228; x_wconf 81' lang='lat'><strong>⁴⁵⁰).</strong></span> <span class='ocrx_word' id='word_1_45' title='bbox 1098 1143 1228 1213; x_wconf 85' lang='lat' dir='ltr'><strong>Deinde</strong></span> <span class='ocrx_word' id='word_1_46' title='bbox 1250 1165 1325 1227; x_wconf 90' lang='lat' dir='ltr'><strong>quo-</strong></span> 
     </span>
     <span class='ocr_line' id='line_1_8' title="bbox 227 1247 1326 1338; baseline -0.004 -24"><span class='ocrx_word' id='word_1_47' title='bbox 227 1272 289 1332; x_wconf 87' lang='lat' dir='ltr'><strong>que</strong></span> <span class='ocrx_word' id='word_1_48' title='bbox 319 1249 405 1336; x_wconf 90' lang='lat' dir='ltr'><strong>apud</strong></span> <span class='ocrx_word' id='word_1_49' title='bbox 432 1250 471 1314; x_wconf 82' lang='lat' dir='ltr'><strong>F.</strong></span> <span class='ocrx_word' id='word_1_50' title='bbox 495 1252 657 1338; x_wconf 78' lang='lat' dir='ltr'><strong>Angelum</strong></span> <span class='ocrx_word' id='word_1_51' title='bbox 679 1249 790 1322; x_wconf 80' lang='lat' dir='ltr'><strong>Roeca</strong></span> <span class='ocrx_word' id='word_1_52' title='bbox 802 1250 855 1331; x_wconf 65' lang='grc'><strong>451)</strong></span> <span class='ocrx_word' id='word_1_53' title='bbox 881 1247 1015 1334; x_wconf 84' lang='lat' dir='ltr'><strong>legimus</strong></span> <span class='ocrx_word' id='word_1_54' title='bbox 1039 1247 1178 1331; x_wconf 88' lang='lat' dir='ltr'><strong>„hahere</strong></span> <span class='ocrx_word' id='word_1_55' title='bbox 1200 1256 1326 1336; x_wconf 84' lang='lat' dir='ltr'><strong>gentem</strong></span> 
     </span>
     <span class='ocr_line' id='line_1_9' title="bbox 226 1351 1349 1438; baseline -0.004 -20"><span class='ocrx_word' id='word_1_56' title='bbox 226 1353 314 1418; x_wconf 89' lang='lat' dir='ltr'><strong>illam</strong></span> <span class='ocrx_word' id='word_1_57' title='bbox 336 1352 465 1437; x_wconf 84' lang='lat' dir='ltr'><strong>missas,</strong></span> <span class='ocrx_word' id='word_1_58' title='bbox 488 1352 632 1420; x_wconf 89' lang='lat' dir='ltr'><strong>codicem</strong></span> <span class='ocrx_word' id='word_1_59' title='bbox 654 1353 833 1434; x_wconf 75' lang='lat' dir='ltr'><strong>horarium,</strong></span> <span class='ocrx_word' id='word_1_60' title='bbox 861 1359 1047 1436; x_wconf 79' lang='lat' dir='ltr'><strong>ceterasque</strong></span> <span class='ocrx_word' id='word_1_61' title='bbox 1069 1351 1196 1418; x_wconf 84' lang='lat' dir='ltr'><strong>divinas</strong></span> <span class='ocrx_word' id='word_1_62' title='bbox 1217 1367 1349 1438; x_wconf 84' lang='lat' dir='ltr'><strong>preces·</strong></span> 
     </span>
     <span class='ocr_line' id='line_1_10' title="bbox 227 1453 1326 1544; baseline -0.003 -27"><span class='ocrx_word' id='word_1_63' title='bbox 227 1453 358 1540; x_wconf 88' lang='lat' dir='ltr'><strong>Illyrica</strong></span> <span class='ocrx_word' id='word_1_64' title='bbox 381 1457 578 1542; x_wconf 87' lang='lat' dir='ltr'><strong>conscriptas</strong></span> <span class='ocrx_word' id='word_1_65' title='bbox 592 1457 702 1544; x_wconf 86' lang='lat' dir='ltr'><strong>lingua</strong></span> <span class='ocrx_word' id='word_1_66' title='bbox 717 1456 757 1521; x_wconf 89' lang='lat' dir='ltr'><strong>ab</strong></span> <span class='ocrx_word' id='word_1_67' title='bbox 773 1455 917 1520; x_wconf 89' lang='lat' dir='ltr'><strong>omnibus</strong></span> <span class='ocrx_word' id='word_1_68' title='bbox 934 1454 1094 1530; x_wconf 78' lang='lat' dir='ltr'><strong>Dalmatis</strong></span> <span class='ocrx_word' id='word_1_69' title='bbox 1108 1455 1326 1520; x_wconf 83' lang='lat' dir='ltr'><strong>intellecta...</strong></span> 
     </span>
     <span class='ocr_line' id='line_1_11' title="bbox 228 1557 1330 1642; baseline -0.004 -20"><span class='ocrx_word' id='word_1_70' title='bbox 228 1579 294 1622; x_wconf 87' lang='lat' dir='ltr'><strong>eas</strong></span> <span class='ocrx_word' id='word_1_71' title='bbox 322 1567 453 1624; x_wconf 86' lang='lat' dir='ltr'><strong>autem</strong></span> <span class='ocrx_word' id='word_1_72' title='bbox 477 1583 496 1623; x_wconf 88' lang='lat' dir='ltr'><strong>a</strong></span> <span class='ocrx_word' id='word_1_73' title='bbox 518 1557 670 1626; x_wconf 82' lang='lat' dir='ltr'><strong>Sancto</strong></span> <span class='ocrx_word' id='word_1_74' title='bbox 698 1559 951 1641; x_wconf 86' lang='lat' dir='ltr'><strong>Hieronymo.</strong></span> <span class='ocrx_word' id='word_1_75' title='bbox 973 1558 1185 1642; x_wconf 83' lang='lat' dir='ltr'><strong>accepisse</strong></span> <span class='ocrx_word' id='word_1_76' title='bbox 1213 1557 1330 1620; x_wconf 92' lang='lat' dir='ltr'><strong>illius</strong></span> 
     </span>
     <span class='ocr_line' id='line_1_12' title="bbox 227 1657 1330 1746; baseline -0.001 -23"><span class='ocrx_word' id='word_1_77' title='bbox 227 1661 406 1745; x_wconf 84' lang='lat' dir='ltr'><strong>regionis</strong></span> <span class='ocrx_word' id='word_1_78' title='bbox 439 1660 596 1738; x_wconf 84' lang='lat' dir='ltr'><strong>incolas</strong></span> <span class='ocrx_word' id='word_1_79' title='bbox 630 1679 845 1746; x_wconf 80' lang='lat' dir='ltr'><strong>persuasos</strong></span> <span class='ocrx_word' id='word_1_80' title='bbox 877 1659 937 1722; x_wconf 86' lang='lat' dir='ltr'><strong>ita</strong></span> <span class='ocrx_word' id='word_1_81' title='bbox 970 1680 1075 1742; x_wconf 83' lang='lat' dir='ltr'><strong>esse,</strong></span> <span class='ocrx_word' id='word_1_82' title='bbox 1111 1657 1330 1744; x_wconf 87' lang='lat' dir='ltr'><strong>utpotius</strong></span> 
     </span>
     <span class='ocr_line' id='line_1_13' title="bbox 227 1761 1329 1848; baseline -0.002 -22"><span class='ocrx_word' id='word_1_83' title='bbox 227 1763 346 1829; x_wconf 90' lang='lat' dir='ltr'><strong>armis</strong></span> <span class='ocrx_word' id='word_1_84' title='bbox 374 1785 516 1831; x_wconf 86' lang='lat' dir='ltr'><strong>omnes.</strong></span> <span class='ocrx_word' id='word_1_85' title='bbox 536 1762 740 1848; x_wconf 85' lang='lat' dir='ltr'><strong>disperire</strong></span> <span class='ocrx_word' id='word_1_86' title='bbox 759 1761 925 1843; x_wconf 82' lang='lat' dir='ltr'><strong>malint,</strong></span> <span class='ocrx_word' id='word_1_87' title='bbox 965 1781 1080 1843; x_wconf 88' lang='lat' dir='ltr'><strong>quam</strong></span> <span class='ocrx_word' id='word_1_88' title='bbox 1109 1782 1182 1846; x_wconf 85' lang='lat' dir='ltr'><strong>eas</strong></span> <span class='ocrx_word' id='word_1_89' title='bbox 1203 1761 1329 1826; x_wconf 89' lang='lat' dir='ltr'><strong>relin-</strong></span> 
     </span>
     <span class='ocr_line' id='line_1_14' title="bbox 228 1861 1329 1956; baseline 0 -28"><span class='ocrx_word' id='word_1_90' title='bbox 228 1868 386 1948; x_wconf 85' lang='lat' dir='ltr'><strong>quere“.</strong></span> <span class='ocrx_word' id='word_1_91' title='bbox 431 1864 524 1932; x_wconf 82' lang='lat' dir='ltr'><strong>Idem</strong></span> <span class='ocrx_word' id='word_1_92' title='bbox 552 1864 680 1933; x_wconf 87' lang='lat' dir='ltr'><strong>dicit-l.</strong></span> <span class='ocrx_word' id='word_1_93' title='bbox 702 1887 729 1930; x_wconf 94' lang='lat' dir='ltr'><strong>c.</strong></span> <span class='ocrx_word' id='word_1_94' title='bbox 756 1887 830 1951; x_wconf 87' lang='lat' dir='ltr'><strong>pag.</strong></span> <span class='ocrx_word' id='word_1_95' title='bbox 854 1863 935 1956; x_wconf 70' lang='lat'><strong>319:</strong></span> <span class='ocrx_word' id='word_1_96' title='bbox 972 1861 1200 1946; x_wconf 84' lang='lat' dir='ltr'><strong>„Slavonicum</strong></span> <span class='ocrx_word' id='word_1_97' title='bbox 1223 1871 1329 1928; x_wconf 88' lang='lat' dir='ltr'><strong>autem</strong></span> 
     </span>
     <span class='ocr_line' id='line_1_15' title="bbox 229 1966 1330 2054; baseline 0 -22"><span class='ocrx_word' id='word_1_98' title='bbox 229 1967 457 2054; x_wconf 67' lang='lat' dir='ltr'><strong>alphabetum„</strong></span> <span class='ocrx_word' id='word_1_99' title='bbox 479 1969 557 2037; x_wconf 85' lang='lat' dir='ltr'><strong>licet</strong></span> <span class='ocrx_word' id='word_1_100' title='bbox 578 1991 602 2040; x_wconf 84' lang='lat' dir='ltr'><strong>a</strong></span> <span class='ocrx_word' id='word_1_101' title='bbox 620 1968 654 2036; x_wconf 88' lang='lat' dir='ltr'><strong>S.</strong></span> <span class='ocrx_word' id='word_1_102' title='bbox 677 1967 877 2054; x_wconf 84' lang='lat' dir='ltr'><strong>Hieronymo</strong></span> <span class='ocrx_word' id='word_1_103' title='bbox 899 1967 1065 2032; x_wconf 88' lang='lat' dir='ltr'><strong>inventum</strong></span> <span class='ocrx_word' id='word_1_104' title='bbox 1086 1967 1186 2037; x_wconf 85' lang='lat' dir='ltr'><strong>fuisse</strong></span> <span class='ocrx_word' id='word_1_105' title='bbox 1208 1966 1330 2032; x_wconf 88' lang='lat' dir='ltr'><strong>dictum</strong></span> 
     </span>
     <span class='ocr_line' id='line_1_16' title="bbox 229 2069 1331 2154; baseline -0.004 -16"><span class='ocrx_word' id='word_1_106' title='bbox 229 2072 287 2154; x_wconf 87' lang='lat' dir='ltr'><strong>sit,</strong></span> <span class='ocrx_word' id='word_1_107' title='bbox 319 2081 361 2137; x_wconf 90' lang='lat' dir='ltr'><strong>ut</strong></span> <span class='ocrx_word' id='word_1_108' title='bbox 388 2070 685 2152; x_wconf 83' lang='lat' dir='ltr'><strong>rumordocet,</strong></span> <span class='ocrx_word' id='word_1_109' title='bbox 716 2071 780 2135; x_wconf 91' lang='lat' dir='ltr'><strong>hoo</strong></span> <span class='ocrx_word' id='word_1_110' title='bbox 808 2079 915 2136; x_wconf 87' lang='lat' dir='ltr'><strong>tamen</strong></span> <span class='ocrx_word' id='word_1_111' title='bbox 943 2069 1036 2134; x_wconf 87' lang='lat' dir='ltr'><strong>locc“</strong></span> <span class='ocrx_word' id='word_1_112' title='bbox 1066 2076 1127 2134; x_wconf 92' lang='lat' dir='ltr'><strong>etc.</strong></span> <span class='ocrx_word' id='word_1_113' title='bbox 1179 2070 1331 2154; x_wconf 88' lang='lat' dir='ltr'><strong>Denique</strong></span> 
     </span>
     <span class='ocr_line' id='line_1_17' title="bbox 230 2166 1331 2258; baseline 0 -20"><span class='ocrx_word' id='word_1_114' title='bbox 230 2174 389 2240; x_wconf 86' lang='lat' dir='ltr'><strong>communi</strong></span> <span class='ocrx_word' id='word_1_115' title='bbox 412 2172 599 2240; x_wconf 88' lang='lat' dir='ltr'><strong>Sclavorum</strong></span> <span class='ocrx_word' id='word_1_116' title='bbox 622 2171 769 2256; x_wconf 86' lang='lat' dir='ltr'><strong>opinione</strong></span> <span class='ocrx_word' id='word_1_117' title='bbox 792 2171 997 2257; x_wconf 86' lang='lat' dir='ltr'><strong>alphabetum</strong></span> <span class='ocrx_word' id='word_1_118' title='bbox 1015 2166 1249 2258; x_wconf 85' lang='lat' dir='ltr'><strong>Glagoliticum</strong></span> <span class='ocrx_word' id='word_1_119' title='bbox 1271 2195 1331 2258; x_wconf 89' lang='lat' dir='ltr'><strong>pro</strong></span> 
     </span>
     <span class='ocr_line' id='line_1_18' title="bbox 227 2267 1330 2360; baseline 0.002 -20"><span class='ocrx_word' id='word_1_120' title='bbox 227 2267 478 2360; x_wconf 84' lang='lat' dir='ltr'><strong>Hieronymiano</strong></span> <span class='ocrx_word' id='word_1_121' title='bbox 506 2273 617 2344; x_wconf 83' lang='lat' dir='ltr'><strong>haberi</strong></span> <span class='ocrx_word' id='word_1_122' title='bbox 645 2271 804 2344; x_wconf 81' lang='lat' dir='ltr'><strong>testantur</strong></span> <span class='ocrx_word' id='word_1_123' title='bbox 831 2275 888 2358; x_wconf 91' lang='lat' dir='ltr'><strong>qui</strong></span> <span class='ocrx_word' id='word_1_124' title='bbox 912 2274 1084 2340; x_wconf 85' lang='lat' dir='ltr'><strong>novissime</strong></span> <span class='ocrx_word' id='word_1_125' title='bbox 1107 2272 1148 2340; x_wconf 89' lang='lat' dir='ltr'><strong>de</strong></span> <span class='ocrx_word' id='word_1_126' title='bbox 1169 2276 1330 2342; x_wconf 77' lang='lat' dir='ltr'><strong>hiscere</strong></span> 
     </span>
     <span class='ocr_line' id='line_1_19' title="bbox 228 2377 1331 2463; baseline -0.003 -19"><span class='ocrx_word' id='word_1_127' title='bbox 228 2377 288 2445; x_wconf 84' lang='lat' dir='ltr'><strong>bus</strong></span> <span class='ocrx_word' id='word_1_128' title='bbox 317 2379 490 2445; x_wconf 88' lang='lat' dir='ltr'><strong>sententiaa</strong></span> <span class='ocrx_word' id='word_1_129' title='bbox 522 2377 706 2460; x_wconf 79' lang='lat' dir='ltr'><strong>ediderunt,</strong></span> <span class='ocrx_word' id='word_1_130' title='bbox 740 2377 1007 2452; x_wconf 75' lang='lat' dir='ltr'><strong>Bartholomaeus</strong></span> <span class='ocrx_word' id='word_1_131' title='bbox 1034 2377 1176 2463; x_wconf 90' lang='lat' dir='ltr'><strong>Kopitar</strong></span> <span class='ocrx_word' id='word_1_132' title='bbox 1189 2381 1265 2463; x_wconf 71' lang='lat'><strong>⁴⁵²),</strong></span> <span class='ocrx_word' id='word_1_133' title='bbox 1300 2385 1331 2444; x_wconf 89' lang='lat' dir='ltr'><strong>et</strong></span> 
     </span>
     <span class='ocr_line' id='line_1_20' title="bbox 228 2480 690 2567; baseline -0.004 -19"><span class='ocrx_word' id='word_1_134' title='bbox 228 2481 403 2550; x_wconf 79' lang='lat' dir='ltr'><strong>Mauritius</strong></span> <span class='ocrx_word' id='word_1_135' title='bbox 424 2480 538 2567; x_wconf 87' lang='lat' dir='ltr'><strong>Haupt</strong></span> <span class='ocrx_word' id='word_1_136' title='bbox 553 2482 647 2563; x_wconf 52' lang='lat'><strong>⁴⁵³).</strong></span> <span class='ocrx_word' id='word_1_137' title='bbox 688 2523 690 2530; x_wconf 70' lang='lat'><em>,</em></span> 
     </span>
    </p>
   </div>
   <div class='ocr_carea' id='block_1_5' title="bbox 318 2547 1330 2670">
    <p class='ocr_par' dir='ltr' id='par_1_5' title="bbox 318 2547 1330 2670">
     <span class='ocr_line' id='line_1_21' title="bbox 318 2547 1330 2670; baseline -0.011 -14"><span class='ocrx_word' id='word_1_138' title='bbox 318 2583 386 2666; x_wconf 76' lang='lat' dir='ltr'><strong>Qui</strong></span> <span class='ocrx_word' id='word_1_139' title='bbox 413 2583 542 2670; x_wconf 83' lang='lat' dir='ltr'><strong>quidem</strong></span> <span class='ocrx_word' id='word_1_140' title='bbox 568 2583 731 2670; x_wconf 87' lang='lat' dir='ltr'><strong>popularis</strong></span> <span class='ocrx_word' id='word_1_141' title='bbox 759 2547 868 2653; x_wconf 88' lang='lat' dir='ltr'><strong>rumor</strong></span> <span class='ocrx_word' id='word_1_142' title='bbox 897 2607 936 2653; x_wconf 79' lang='lat' dir='ltr'><strong>ex</strong></span> <span class='ocrx_word' id='word_1_143' title='bbox 965 2607 1029 2669; x_wconf 86' lang='lat' dir='ltr'><strong>quo</strong></span> <span class='ocrx_word' id='word_1_144' title='bbox 1056 2585 1144 2652; x_wconf 78' lang='lat' dir='ltr'><strong>fonte</strong></span> <span class='ocrx_word' id='word_1_145' title='bbox 1172 2593 1270 2650; x_wconf 85' lang='lat' dir='ltr'><strong>natus</strong></span> <span class='ocrx_word' id='word_1_146' title='bbox 1291 2584 1330 2648; x_wconf 85' lang='lat' dir='ltr'><strong>sit</strong></span> 
     </span>
    </p>
   </div>
   <div class='ocr_carea' id='block_1_6' title="bbox 229 2823 1373 3004">
    <p class='ocr_par' dir='ltr' id='par_1_6' title="bbox 229 2823 1373 3004">
     <span class='ocr_line' id='line_1_22' title="bbox 299 2823 1373 2912; baseline -0.001 -12"><span class='ocrx_word' id='word_1_147' title='bbox 299 2847 368 2912; x_wconf 86' lang='grc'>445)</span> <span class='ocrx_word' id='word_1_148' title='bbox 387 2851 540 2900; x_wconf 77' lang='lat' dir='ltr'><strong>Kelenderis</strong></span> <span class='ocrx_word' id='word_1_149' title='bbox 551 2850 681 2902; x_wconf 81' lang='lat' dir='ltr'><strong>Ecclesiae</strong></span> <span class='ocrx_word' id='word_1_150' title='bbox 699 2853 830 2902; x_wconf 86' lang='lat' dir='ltr'><strong>universae</strong></span> <span class='ocrx_word' id='word_1_151' title='bbox 898 2850 994 2898; x_wconf 86' lang='lat' dir='ltr'><strong>Romae</strong></span> <span class='ocrx_word' id='word_1_152' title='bbox 1010 2849 1084 2898; x_wconf 78' lang='lat'><strong>1755.</strong></span> <span class='ocrx_word' id='word_1_153' title='bbox 1108 2849 1153 2899; x_wconf 89' lang='lat' dir='ltr'><strong>VI.</strong></span> <span class='ocrx_word' id='word_1_154' title='bbox 1167 2851 1237 2900; x_wconf 89' lang='lat' dir='ltr'><strong>Voll.</strong></span> <span class='ocrx_word' id='word_1_155' title='bbox 1250 2851 1277 2900; x_wconf 93' lang='lat' dir='ltr'><strong>in</strong></span> <span class='ocrx_word' id='word_1_156' title='bbox 1290 2841 1331 2899; x_wconf 76' lang='lat'><strong>4⁰.</strong></span> <span class='ocrx_word' id='word_1_157' title='bbox 1372 2823 1373 2828; x_wconf 9' lang='grc' dir='ltr'><strong>Ἰ</strong></span> 
     </span>
     <span class='ocr_line' id='line_1_23' title="bbox 229 2935 1275 3004; baseline 0.001 -19"><span class='ocrx_word' id='word_1_158' title='bbox 229 2937 347 2986; x_wconf 88' lang='lat' dir='ltr'><strong>nbi·vida</strong></span> <span class='ocrx_word' id='word_1_159' title='bbox 366 2943 426 2988; x_wconf 94' lang='lat' dir='ltr'><strong>tom.</strong></span> <span class='ocrx_word' id='word_1_160' title='bbox 444 2937 489 2986; x_wconf 85' lang='lat' dir='ltr'><strong>IV.</strong></span> <span class='ocrx_word' id='word_1_161' title='bbox 508 2951 566 3004; x_wconf 86' lang='lat' dir='ltr'><strong>pag.</strong></span> <span class='ocrx_word' id='word_1_162' title='bbox 579 2935 639 2987; x_wconf 77' lang='lat'><strong>408.</strong></span> <span class='ocrx_word' id='word_1_163' title='bbox 1270 2961 1275 2966; x_wconf 92' lang='lat'><em>·</em></span> 
     </span>
    </p>
   </div>
   <div class='ocr_carea' id='block_1_7' title="bbox 230 3035 1331 4320">
    <p class='ocr_par' dir='ltr' id='par_1_7' title="bbox 302 3035 623 3100">
     <span class='ocr_line' id='line_1_24' title="bbox 302 3035 623 3100; baseline 0.003 -15"><span class='ocrx_word' id='word_1_164' title='bbox 302 3035 370 3096; x_wconf 89' lang='grc'>446)</span> <span class='ocrx_word' id='word_1_165' title='bbox 389 3038 406 3085; x_wconf 92' lang='lat' dir='ltr'><strong>l.</strong></span> <span class='ocrx_word' id='word_1_166' title='bbox 420 3053 441 3086; x_wconf 90' lang='lat' dir='ltr'><strong>c.</strong></span> <span class='ocrx_word' id='word_1_167' title='bbox 460 3052 518 3100; x_wconf 85' lang='lat' dir='ltr'><strong>pag.</strong></span> <span class='ocrx_word' id='word_1_168' title='bbox 532 3036 556 3086; x_wconf 80' lang='lat'><strong>5.</strong></span> <span class='ocrx_word' id='word_1_169' title='bbox 576 3045 623 3088; x_wconf 86' lang='lat' dir='ltr'><strong>etc.</strong></span> 
     </span>
    </p>

    <p class='ocr_par' dir='ltr' id='par_1_8' title="bbox 301 3131 736 3214">
     <span class='ocr_line' id='line_1_25' title="bbox 301 3131 736 3214; baseline 0.007 -31"><span class='ocrx_word' id='word_1_170' title='bbox 301 3131 369 3200; x_wconf 84' lang='grc'>447)</span> <span class='ocrx_word' id='word_1_171' title='bbox 388 3136 404 3183; x_wconf 93' lang='lat' dir='ltr'><strong>l.</strong></span> <span class='ocrx_word' id='word_1_172' title='bbox 418 3151 439 3184; x_wconf 90' lang='lat' dir='ltr'><strong>c.</strong></span> <span class='ocrx_word' id='word_1_173' title='bbox 459 3133 480 3194; x_wconf 82' lang='lat'><strong>§.</strong></span> <span class='ocrx_word' id='word_1_174' title='bbox 493 3136 525 3185; x_wconf 92' lang='lat' dir='ltr'><strong>V.</strong></span> <span class='ocrx_word' id='word_1_175' title='bbox 543 3151 601 3198; x_wconf 81' lang='lat' dir='ltr'><strong>pag.</strong></span> <span class='ocrx_word' id='word_1_176' title='bbox 616 3135 640 3185; x_wconf 87' lang='grc'><strong>5.</strong></span> <span class='ocrx_word' id='word_1_177' title='bbox 668 3203 669 3210; x_wconf 13' lang='lat'>¹</span> <span class='ocrx_word' id='word_1_178' title='bbox 733 3207 736 3214; x_wconf 29' lang='grc' dir='ltr'><strong><em>Ι</em></strong></span> 
     </span>
    </p>

    <p class='ocr_par' dir='ltr' id='par_1_9' title="bbox 300 3231 655 3299">
     <span class='ocr_line' id='line_1_26' title="bbox 300 3231 655 3299; baseline 0.006 -15"><span class='ocrx_word' id='word_1_179' title='bbox 300 3231 368 3296; x_wconf 86' lang='grc'>448)</span> <span class='ocrx_word' id='word_1_180' title='bbox 387 3236 404 3285; x_wconf 89' lang='lat'><strong>1.</strong></span> <span class='ocrx_word' id='word_1_181' title='bbox 418 3231 439 3285; x_wconf 85' lang='lat' dir='ltr'><strong>c.</strong></span> <span class='ocrx_word' id='word_1_182' title='bbox 457 3250 515 3299; x_wconf 85' lang='lat' dir='ltr'><strong>pag.</strong></span> <span class='ocrx_word' id='word_1_183' title='bbox 530 3234 589 3285; x_wconf 89' lang='grc'><strong>106.</strong></span> <span class='ocrx_word' id='word_1_184' title='bbox 602 3237 655 3286; x_wconf 92' lang='lat' dir='ltr'><strong>init.</strong></span> 
     </span>
    </p>

    <p class='ocr_par' dir='ltr' id='par_1_10' title="bbox 230 3331 1331 3916">
     <span class='ocr_line' id='line_1_27' title="bbox 300 3331 1331 3399; baseline -0.004 -13"><span class='ocrx_word' id='word_1_185' title='bbox 300 3333 370 3397; x_wconf 82' lang='grc'>449)</span> <span class='ocrx_word' id='word_1_186' title='bbox 390 3337 435 3387; x_wconf 84' lang='lat' dir='ltr'><strong>cfr.</strong></span> <span class='ocrx_word' id='word_1_187' title='bbox 455 3336 606 3399; x_wconf 83' lang='lat' dir='ltr'><strong>Glagolitica</strong></span> <span class='ocrx_word' id='word_1_188' title='bbox 623 3348 680 3396; x_wconf 84' lang='lat' dir='ltr'><strong>pag.</strong></span> <span class='ocrx_word' id='word_1_189' title='bbox 695 3331 723 3381; x_wconf 84' lang='lat'><strong>9:</strong></span> <span class='ocrx_word' id='word_1_190' title='bbox 748 3333 805 3391; x_wconf 88' lang='lat' dir='ltr'><strong>„die</strong></span> <span class='ocrx_word' id='word_1_191' title='bbox 825 3334 913 3384; x_wconf 69' lang='lat' dir='ltr'><strong>¹r&#39;tlteste</strong></span> <span class='ocrx_word' id='word_1_192' title='bbox 931 3336 1053 3398; x_wconf 83' lang='lat' dir='ltr'><strong>Meinung</strong></span> <span class='ocrx_word' id='word_1_193' title='bbox 1075 3336 1195 3385; x_wconf 83' lang='lat' dir='ltr'><strong>hieriiber</strong></span> <span class='ocrx_word' id='word_1_194' title='bbox 1217 3336 1252 3384; x_wconf 88' lang='lat' dir='ltr'><strong>ist</strong></span> <span class='ocrx_word' id='word_1_195' title='bbox 1269 3335 1331 3385; x_wconf 84' lang='lat' dir='ltr'><strong>wohl</strong></span> 
     </span>
     <span class='ocr_line' id='line_1_28' title="bbox 231 3419 1331 3486; baseline -0.005 -14"><span class='ocrx_word' id='word_1_196' title='bbox 231 3424 313 3485; x_wconf 84' lang='lat' dir='ltr'><strong>disse,</strong></span> <span class='ocrx_word' id='word_1_197' title='bbox 337 3423 393 3472; x_wconf 76' lang='lat' dir='ltr'><strong>dats</strong></span> <span class='ocrx_word' id='word_1_198' title='bbox 416 3423 482 3475; x_wconf 84' lang='lat' dir='ltr'><strong>nach</strong></span> <span class='ocrx_word' id='word_1_199' title='bbox 505 3423 563 3474; x_wconf 85' lang='lat' dir='ltr'><strong>dam</strong></span> <span class='ocrx_word' id='word_1_200' title='bbox 580 3419 717 3482; x_wconf 85' lang='lat' dir='ltr'><strong>Vorgoben</strong></span> <span class='ocrx_word' id='word_1_201' title='bbox 734 3420 780 3468; x_wconf 87' lang='lat' dir='ltr'><strong>der</strong></span> <span class='ocrx_word' id='word_1_202' title='bbox 798 3419 956 3486; x_wconf 82' lang='lat' dir='ltr'><strong>Glagoliten,</strong></span> <span class='ocrx_word' id='word_1_203' title='bbox 979 3423 1003 3472; x_wconf 84' lang='lat' dir='ltr'><strong>d.</strong></span> <span class='ocrx_word' id='word_1_204' title='bbox 1020 3423 1037 3472; x_wconf 93' lang='lat' dir='ltr'><strong>i.</strong></span> <span class='ocrx_word' id='word_1_205' title='bbox 1057 3421 1207 3484; x_wconf 78' lang='lat' dir='ltr'><strong>derjenigen</strong></span> <span class='ocrx_word' id='word_1_206' title='bbox 1225 3422 1331 3472; x_wconf 86' lang='lat' dir='ltr'><strong>Priestsr</strong></span> 
     </span>
     <span class='ocr_line' id='line_1_29' title="bbox 230 3505 1331 3570; baseline -0.004 -14"><span class='ocrx_word' id='word_1_207' title='bbox 230 3509 256 3556; x_wconf 89' lang='lat' dir='ltr'><strong>in</strong></span> <span class='ocrx_word' id='word_1_208' title='bbox 279 3508 437 3570; x_wconf 86' lang='lat' dir='ltr'><strong>Dalmatien,</strong></span> <span class='ocrx_word' id='word_1_209' title='bbox 461 3508 502 3560; x_wconf 85' lang='lat' dir='ltr'><strong>die</strong></span> <span class='ocrx_word' id='word_1_210' title='bbox 524 3521 570 3556; x_wconf 86' lang='lat' dir='ltr'><strong>aas</strong></span> <span class='ocrx_word' id='word_1_211' title='bbox 593 3505 767 3568; x_wconf 74' lang='lat' dir='ltr'><strong>slayonischen</strong></span> <span class='ocrx_word' id='word_1_212' title='bbox 789 3507 911 3558; x_wconf 85' lang='lat' dir='ltr'><strong>Missnlen</strong></span> <span class='ocrx_word' id='word_1_213' title='bbox 933 3510 1004 3568; x_wconf 67' lang='lat' dir='ltr'><strong>nach¹</strong></span> <span class='ocrx_word' id='word_1_214' title='bbox 1021 3509 1079 3558; x_wconf 89' lang='lat' dir='ltr'><strong>dem</strong></span> <span class='ocrx_word' id='word_1_215' title='bbox 1097 3508 1247 3557; x_wconf 74' lang='lat' dir='ltr'><strong>rimischen</strong></span> <span class='ocrx_word' id='word_1_216' title='bbox 1263 3507 1331 3556; x_wconf 85' lang='lat' dir='ltr'><strong>Ritus</strong></span> 
     </span>
     <span class='ocr_line' id='line_1_30' title="bbox 231 3587 1330 3672; baseline -0.005 -30"><span class='ocrx_word' id='word_1_217' title='bbox 231 3593 271 3642; x_wconf 89' lang='lat' dir='ltr'><strong>die</strong></span> <span class='ocrx_word' id='word_1_218' title='bbox 289 3587 374 3641; x_wconf 88' lang='lat' dir='ltr'><strong>Messe</strong></span> <span class='ocrx_word' id='word_1_219' title='bbox 392 3592 471 3653; x_wconf 85' lang='lat' dir='ltr'><strong>lesen,</strong></span> <span class='ocrx_word' id='word_1_220' title='bbox 489 3593 534 3641; x_wconf 90' lang='lat' dir='ltr'><strong>der</strong></span> <span class='ocrx_word' id='word_1_221' title='bbox 546 3593 576 3672; x_wconf 82' lang='lat' dir='ltr'><strong>h.</strong></span> <span class='ocrx_word' id='word_1_222' title='bbox 596 3592 765 3656; x_wconf 84' lang='lat' dir='ltr'><strong>Hieronymus</strong></span> <span class='ocrx_word' id='word_1_223' title='bbox 784 3594 828 3642; x_wconf 89' lang='lat' dir='ltr'><strong>der</strong></span> <span class='ocrx_word' id='word_1_224' title='bbox 845 3594 961 3642; x_wconf 84' lang='lat' dir='ltr'><strong>Erfinder</strong></span> <span class='ocrx_word' id='word_1_225' title='bbox 978 3593 1024 3642; x_wconf 86' lang='lat' dir='ltr'><strong>der</strong></span> <span class='ocrx_word' id='word_1_226' title='bbox 1041 3592 1240 3654; x_wconf 85' lang='lat' dir='ltr'><strong>glagolitischen</strong></span> <span class='ocrx_word' id='word_1_227' title='bbox 1256 3591 1330 3640; x_wconf 89' lang='lat' dir='ltr'><strong>Litte-</strong></span> 
     </span>
     <span class='ocr_line' id='line_1_31' title="bbox 231 3675 1329 3752; baseline -0.007 -22"><span class='ocrx_word' id='word_1_228' title='bbox 231 3685 299 3731; x_wconf 89' lang='lat' dir='ltr'><strong>ratur</strong></span> <span class='ocrx_word' id='word_1_229' title='bbox 322 3678 366 3727; x_wconf 87' lang='lat' dir='ltr'><strong>sei.</strong></span> <span class='ocrx_word' id='word_1_230' title='bbox 413 3675 524 3726; x_wconf 83' lang='lat' dir='ltr'><strong>Gleich</strong></span> <span class='ocrx_word' id='word_1_231' title='bbox 552 3677 602 3726; x_wconf 88' lang='lat' dir='ltr'><strong>bei</strong></span> <span class='ocrx_word' id='word_1_232' title='bbox 629 3679 683 3727; x_wconf 85' lang='lat' dir='ltr'><strong>der</strong></span> <span class='ocrx_word' id='word_1_233' title='bbox 710 3686 816 3729; x_wconf 86' lang='lat' dir='ltr'><strong>ersten</strong></span> <span class='ocrx_word' id='word_1_234' title='bbox 843 3679 1138 3752; x_wconf 71' lang='lat' dir='ltr'><strong>Belianntwerdung</strong></span> <span class='ocrx_word' id='word_1_235' title='bbox 1162 3677 1329 3728; x_wconf 84' lang='lat' dir='ltr'><strong>darselben</strong></span> 
     </span>
     <span class='ocr_line' id='line_1_32' title="bbox 230 3762 1328 3828; baseline -0.005 -14"><span class='ocrx_word' id='word_1_236' title='bbox 230 3765 332 3815; x_wconf 83' lang='lat' dir='ltr'><strong>haban</strong></span> <span class='ocrx_word' id='word_1_237' title='bbox 350 3765 395 3814; x_wconf 89' lang='lat' dir='ltr'><strong>sie</strong></span> <span class='ocrx_word' id='word_1_238' title='bbox 413 3762 496 3812; x_wconf 83' lang='lat' dir='ltr'><strong>dieis</strong></span> <span class='ocrx_word' id='word_1_239' title='bbox 514 3763 1109 3828; x_wconf 72' lang='lat' dir='ltr'><strong>behauptetoderiorgegeben“.-cfn</strong></span> <span class='ocrx_word' id='word_1_240' title='bbox 1123 3765 1203 3816; x_wconf 83' lang='lat' dir='ltr'><strong>etiam</strong></span> <span class='ocrx_word' id='word_1_241' title='bbox 1214 3764 1328 3814; x_wconf 87' lang='lat' dir='ltr'><strong>Institutt.</strong></span> 
     </span>
     <span class='ocr_line' id='line_1_33' title="bbox 230 3847 698 3916; baseline 0 -16"><span class='ocrx_word' id='word_1_242' title='bbox 230 3852 290 3915; x_wconf 84' lang='lat' dir='ltr'><strong>ling.</strong></span> <span class='ocrx_word' id='word_1_243' title='bbox 310 3851 392 3902; x_wconf 81' lang='lat' dir='ltr'><strong>Slsvic</strong></span> <span class='ocrx_word' id='word_1_244' title='bbox 411 3863 466 3914; x_wconf 86' lang='lat' dir='ltr'><strong>cap.</strong></span> <span class='ocrx_word' id='word_1_245' title='bbox 478 3851 498 3900; x_wconf 95' lang='lat' dir='ltr'><strong>I.</strong></span> <span class='ocrx_word' id='word_1_246' title='bbox 517 3847 539 3908; x_wconf 74' lang='lat' dir='ltr'><strong>§t</strong></span> <span class='ocrx_word' id='word_1_247' title='bbox 553 3851 585 3900; x_wconf 87' lang='lat' dir='ltr'><strong>V.</strong></span> <span class='ocrx_word' id='word_1_248' title='bbox 603 3867 661 3916; x_wconf 88' lang='lat' dir='ltr'><strong>pag.</strong></span> <span class='ocrx_word' id='word_1_249' title='bbox 674 3851 698 3901; x_wconf 83' lang='lat'><strong>5.</strong></span> 
     </span>
    </p>

    <p class='ocr_par' dir='ltr' id='par_1_11' title="bbox 301 3951 673 4020">
     <span class='ocr_line' id='line_1_34' title="bbox 301 3951 673 4020; baseline 0.003 -17"><span class='ocrx_word' id='word_1_250' title='bbox 301 3951 371 4014; x_wconf 86' lang='grc'>450)</span> <span class='ocrx_word' id='word_1_251' title='bbox 392 3953 543 4017; x_wconf 83' lang='lat' dir='ltr'><strong>Glagolitica</strong></span> <span class='ocrx_word' id='word_1_252' title='bbox 559 3969 617 4020; x_wconf 86' lang='lat' dir='ltr'><strong>pag.</strong></span> <span class='ocrx_word' id='word_1_253' title='bbox 632 3953 673 4004; x_wconf 86' lang='lat'><strong>10.</strong></span> 
     </span>
    </p>

    <p class='ocr_par' dir='ltr' id='par_1_12' title="bbox 302 4053 717 4121">
     <span class='ocr_line' id='line_1_35' title="bbox 302 4053 717 4121; baseline -0.002 -17"><span class='ocrx_word' id='word_1_254' title='bbox 302 4053 370 4116; x_wconf 86' lang='grc'><strong>451)</strong></span> <span class='ocrx_word' id='word_1_255' title='bbox 389 4057 406 4105; x_wconf 94' lang='lat' dir='ltr'><strong>l.</strong></span> <span class='ocrx_word' id='word_1_256' title='bbox 420 4072 442 4106; x_wconf 90' lang='lat' dir='ltr'><strong>c.</strong></span> <span class='ocrx_word' id='word_1_257' title='bbox 461 4064 522 4107; x_wconf 84' lang='lat' dir='ltr'><strong>tom.</strong></span> <span class='ocrx_word' id='word_1_258' title='bbox 535 4057 568 4118; x_wconf 86' lang='lat'><strong>11,</strong></span> <span class='ocrx_word' id='word_1_259' title='bbox 586 4072 644 4121; x_wconf 88' lang='lat' dir='ltr'><strong>pag.</strong></span> <span class='ocrx_word' id='word_1_260' title='bbox 657 4053 717 4104; x_wconf 74' lang='lat'><strong>246.</strong></span> 
     </span>
    </p>

    <p class='ocr_par' dir='ltr' id='par_1_13' title="bbox 301 4151 850 4320">
     <span class='ocr_line' id='line_1_36' title="bbox 301 4151 850 4218; baseline 0.004 -18"><span class='ocrx_word' id='word_1_261' title='bbox 301 4151 370 4212; x_wconf 76' lang='lat'>452)</span> <span class='ocrx_word' id='word_1_262' title='bbox 390 4154 510 4218; x_wconf 87' lang='lat' dir='ltr'><strong>Glagolit.</strong></span> <span class='ocrx_word' id='word_1_263' title='bbox 530 4156 643 4208; x_wconf 80' lang='lat' dir='ltr'><strong>Clozian.</strong></span> <span class='ocrx_word' id='word_1_264' title='bbox 661 4169 719 4218; x_wconf 85' lang='lat' dir='ltr'><strong>pag.</strong></span> <span class='ocrx_word' id='word_1_265' title='bbox 732 4154 782 4204; x_wconf 56' lang='lat' dir='ltr'><strong>X&amp;</strong></span> <span class='ocrx_word' id='word_1_266' title='bbox 796 4167 850 4216; x_wconf 88' lang='lat' dir='ltr'><strong>sqq.</strong></span> 
     </span>
     <span class='ocr_line' id='line_1_37' title="bbox 302 4249 556 4320; baseline 0.02 -21"><span class='ocrx_word' id='word_1_267' title='bbox 302 4249 370 4309; x_wconf 74' lang='lat'>45³)</span> <span class='ocrx_word' id='word_1_268' title='bbox 389 4254 407 4302; x_wconf 93' lang='lat' dir='ltr'><strong>l.</strong></span> <span class='ocrx_word' id='word_1_269' title='bbox 419 4270 440 4302; x_wconf 90' lang='lat' dir='ltr'><strong>c.</strong></span> <span class='ocrx_word' id='word_1_270' title='bbox 460 4271 517 4320; x_wconf 87' lang='lat' dir='ltr'><strong>pag.</strong></span> <span class='ocrx_word' id='word_1_271' title='bbox 532 4255 556 4306; x_wconf 85' lang='lat'><strong>8.</strong></span> 
     </span>
    </p>
   </div>
   <div class='ocr_carea' id='block_1_8' title="bbox 0 0 1404 5092">
    <p class='ocr_par' dir='ltr' id='par_1_14' title="bbox 0 0 1404 5092">
     <span class='ocr_line' id='line_1_38' title="bbox 0 0 1404 5092; baseline 0 0"><span class='ocrx_word' id='word_1_272' title='bbox 0 0 1404 5092; x_wconf 95' lang='lat' dir='ltr'><strong> </strong></span> 
     </span>
    </p>
   </div>
  </div>
 </body>
</html>
