2784 5106
600 502 643 570 43

70 674 159 741 illam
188 671 301 740 mundi
325 671 573 758 descriptionem
596 674 807 738 coniunctam*
823 674 919 740 fuisse
942 697 1015 740 cum
1039 672 1174 739 Cosmo-

70 777 209 868 graphia
231 775 432 843 statuendum
455 776 530 842 erit:
562 775 633 860 quis
663 784 713 841 est
734 798 828 860 quem
849 777 952 864 fugiat
974 801 1013 842 ex
1035 800 1174 862 quonam

71 879 160 946 fonte
181 879 277 946 tertia
293 877 581 944 Pseudo-Aethici
601 877 747 944 recensio
768 885 846 944 nata
869 878 930 944 sit?
954 901 1050 963 quum
1073 881 1174 945 altera

71 1007 113 1048 ex
140 990 232 1069 parte
258 1003 332 1048 cum
354 980 496 1048 secunda
518 979 793 1070 Cosmographiae
816 981 956 1048 editione
977 981 1099 1046 Dicuili
1121 1003 1174 1047 co-

71 1085 135 1153 dex
157 1085 348 1170 consentiat,
371 1103 445 1150 cum
465 1087 562 1152 tertia
583 1095 691 1153 autem
713 1108 754 1151 ex
776 1087 887 1151 altera.

158 1187 275 1272 Neque
303 1196 411 1253 tamen
439 1186 503 1253 hoc
530 1189 603 1254 loco
628 1189 737 1254 omnia
764 1190 798 1254 in
827 1197 939 1276 aperto
961 1196 1047 1254 sum.
1090 1184 1176 1250 Nam

72 1290 196 1358 inertiae
211 1288 397 1373 sardiniae·
416 1287 629 1374 Corsicaeque
651 1290 908 1377 descriptionem„
932 1312 1028 1376 quam
1046 1298 1079 1354 et
1094 1287 1178 1354 Oro·

72 1395 141 1460 sius
164 1391 296 1458 exhibet
317 1401 351 1457 ct
372 1413 483 1458 omnes
505 1393 619 1458 tertiae
637 1394 833 1459 recensionis
855 1393 1001 1476 codices,
1024 1415 1095 1457 eam
1117 1392 1178 1457 Di-

72 1496 177 1567 cuiius
205 1503 330 1578 noster,
358 1507 397 1560 ut
426 1518 466 1560 ex
494 1496 601 1561 verbis
623 1497 690 1562 eius
713 1503 847 1582 apparet
862 1496 934 1578 ¹⁶⁶),
962 1495 996 1558 in
1017 1515 1075 1560 suo
1096 1493 1178 1560 lihro

72 1619 139 1663 non
161 1606 322 1684 repertam
344 1620 385 1662 ex
402 1595 520 1663 Orosio
543 1599 658 1664 hausit.
674 1627 676 1631 ·
694 1597 784 1681 Quid
804 1595 924 1686 igitur?
946 1619 985 1663 an
1007 1595 1178 1664 dicendum

71 1711 139 1786 est,
168 1723 233 1766 non
256 1724 382 1771 omnem
406 1699 516 1766 Orosii
538 1701 786 1790 geographiam,
812 1701 868 1767 sed
891 1723 963 1768 eum
986 1709 1109 1766 tantum
1132 1700 1178 1765 lo-

72 1827 148 1869 cum
170 1803 294 1869 Dicuili
316 1803 421 1870 codici
443 1805 604 1870 adiectum
625 1805 734 1889 fluisse,
757 1805 812 1890 qui
830 1804 870 1870 de
889 1802 999 1892 Cypro
1020 1805 1125 1870 insula
1146 1812 1179 1872 et

74 1904 178 1971 Creta
199 1906 288 1994 agit?
324 1905 425 1972 Nulla
446 1917 533 1973 certe
556 1917 735 1992 causaest,
758 1931 815 1973 cur
836 1916 1013 1974 statuamus
1035 1905 1179 1972 codicem

72 2010 165 2074 iilum
193 2031 248 2075 eas
276 2017 386 2094 partes
415 2010 596 2078 exhibuisse
626 2033 708 2096 quae
729 2012 763 2076 in
785 2008 895 2078 Orosii
916 2010 997 2076 libro
1020 2031 1120 2093 aeque
1142 2029 1180 2074 ac

72 2114 106 2178 in
129 2113 245 2177 tertiae
267 2114 461 2179 recensionis
482 2114 708 2199 manuscriptis
730 2113 931 2198 „Insularum
945 2113 1047 2180 nostri
1062 2113 1178 2178 maris“
1239 2135 1241 2146 ¹

69 2215 322 2301 descriptionem
344 2215 553 2298 antecedunt3
576 2239 651 2282 nam
674 2218 818 2301 quaeda
841 2217 1022 2286 Salinarum
1045 2216 1118 2282 lacu
1140 2239 1180 2283 ex

72 2317 333 2406 Cosmographia
361 2321 482 2405 profert
510 2328 622 2386 auctor
646 2323 848 2406 noster¹⁶⁶)‚
876 2343 916 2387 ea
938 2343 1036 2407 quum
1058 2321 1091 2385 iu
1114 2320 1179 2406 pri-

9 2451 11 2480 i
73 2445 147 2487 mae
168 2431 202 2486 et
224 2421 384 2486 secundae
404 2422 556 2486 editionis
575 2421 677 2510 tibris,
698 2431 768 2483 tum
791 2423 887 2486 etiam
911 2424 1133 2488 desiderantur
1146 2424 1180 2486 in

9 2561 12 2588 t
72 2524 191 2590 tertiae
220 2523 414 2586 recensionis
444 2519 672 2603 manuscriptis
702 2527 735 2582 et
763 2518 895 2584 Oresio:
932 2524 987 2604 qui
1013 2523 1092 2584 nihil
1119 2524 1181 2590 nisi

9 2659 10 2686 ι
74 2646 195 2690 nomen
222 2623 328 2709 ipsum
356 2623 563 2688 retinuerunt.
617 2618 742 2702 Quibus
771 2621 876 2688 causis
902 2631 1067 2709 permotus
1093 2625 1182 2708 equi·

76 2728 153 2794 dem
182 2727 361 2812 putaverim
390 2728 496 2793 locum
523 2725 621 2791 istum
644 2722 684 2789 dc
707 2724 887 2792 Salinarum
901 2727 984 2792 vlacu
1005 2750 1099 2813 quem
1121 2727 1182 2792 Di-

74 2832 154 2898 cuili
176 2829 280 2896 codex
302 2830 442 2914 exhibet,
464 2829 587 2895 utalia
607 2829 718 2912 multa,
742 2849 819 2894 casu
840 2831 979 2915 quodam
1002 2853 1042 2896 ex
1063 2831 1182 2897 nostris

74 2936 167 3003 libris
189 2933 361 3015 excidisse3
386 2956 450 3020 qua
471 2933 505 2998 iu
526 2955 561 2998 re
583 2931 757 2998 videndum
779 2933 850 3014 erit,
871 2957 949 2998 num
970 2935 1004 2997 in
1022 2933 1061 2999 iis
1077 2934 1180 2998 solum

75 3041 191 3106 vitium
213 3037 292 3102 illud
313 3039 491 3124 reperiatur
513 3037 568 3122 qui
590 3036 634 3105 ad
655 3036 808 3102 familiam
830 3035 870 3100 Β.
894 3035 1064 3121 pertinent,
1087 3058 1128 3100 an
1149 3037 1182 3100 in

76 3143 167 3210 libris
196 3163 323 3225 quoque
350 3141 489 3206 familiae
516 3143 558 3206 A.
606 3140 683 3208 Sive
711 3162 789 3205 vero
815 3137 924 3205 Orosii
951 3139 1182 3227 geographiam

76 3249 256 3330 integram,
290 3244 357 3307 sive
388 3251 561 3310 extremam
590 3253 715 3310 tantum
744 3245 813 3310 eius
841 3252 966 3330 partem
987 3243 1128 3310 Aethico
1149 3244 1183 3312 iu

77 3347 193 3416 codice
215 3344 337 3410 Dicuili
366 3343 523 3411 adiectam
551 3347 649 3414 fuisse
674 3345 850 3414 credimus:
879 3355 987 3412 tamen
1007 3347 1124 3412 librum
1145 3346 1183 3412 il-

76 3454 145 3518 lum
172 3450 207 3515 in
237 3447 344 3514 medio
366 3455 452 3512 stare
474 3451 666 3518 recensionis
687 3451 802 3518 tertiae
823 3457 858 3517 et
879 3448 1039 3516 secrmdae
1061 3458 1183 3516 certum

79 3565 139 3624 est.
190 3551 316 3620 Eadem
345 3558 454 3617 autem
483 3557 597 3617 natura
624 3555 787 3638 praeditus
817 3563 866 3622 est
894 3552 997 3622 codex
1025 3553 1183 3640 adquam

81 3681 166 3726 nunc
189 3656 381 3725 accedimus.
837 3645 840 3652 ’

156 3854 222 3920 165)
241 3859 257 3907 1.
271 3875 292 3908 c.
311 3871 369 3922 pag.
384 3854 425 3904 61.
445 3853 660 3914 „adserentem
677 3853 721 3904 illa
737 3870 856 3907 memma
873 3862 984 3917 conatat3
1004 3855 1124 3917 quoniam
1142 3852 1184 3904 20.

80 3947 133 3998 mil.
153 3947 281 4010 quaein
298 3947 400 4011 primo
414 3943 523 3996 Orosii
541 3943 626 3993 libro
644 3949 720 4005 atque
738 3935 1051 4006 x1v⁰.ntym010giamm
1070 3936 1183 4002 [Isidori]

82 4036 176 4099 scripta
198 4044 269 4093 sunt,
292 4048 344 4082 non
437 4033 575 4096 pertinent:
603 4031 682 4094 ipsius
702 4028 823 4080 Corsicae
844 4029 1003 4081 latitudinem
1025 4028 1056 4078 in
1076 4025 1184 4078 Orosii

82 4121 165 4171 libro
182 4121 285 4184 primo
305 4134 351 4183 per
371 4117 412 4169 36.
431 4120 484 4170 mil.
501 4135 569 4184 pass.
589 4117 687 4169 dilatari
705 4114 839 4180 legimus“.

156 4202 222 4266 166)
241 4221 298 4270 pag.
312 4205 353 4256 64.
593 4221 594 4224 ’
