2800 5088
553 458 631 538 ,71

44 639 151 696 sunt:
178 629 339 712 „Sanctae
360 629 485 696 Mariae
507 631 705 697 Remensis“.
744 634 800 698 cfr.
824 633 964 721 Parthey
987 643 1019 701 et
1040 634 1164 700 Pinder

41 735 65 796 l.
87 756 123 798 c.
150 755 225 820 pag.
246 732 377 798 XVIII.
408 735 463 818 qui
494 736 769 802 accuratissimum
796 734 916 800 codicis
939 737 1160 824 apographum

41 835 239 923 benigniter
259 836 350 904 nobis
373 845 607 906 concessenmt.

553 1074 584 1156 a
612 1073 662 1140 12.

405 1217 549 1278 RELIQVI
568 1217 718 1268 CODICES
736 1219 806 1267 XXI.

147 1347 219 1414 Iam
240 1369 317 1414 vero
339 1349 438 1414 XXI.
464 1349 592 1416 codices
615 1358 785 1435 supersunt
807 1358 840 1414 ct
861 1350 1014 1415 librorum
1031 1347 1160 1432 quidem

40 1451 257 1538 superiorum
286 1451 432 1518 ordinum
461 1454 639 1520 conformes
666 1454 761 1536 nulli,
794 1453 855 1520 nisi
884 1445 971 1536 quod
998 1449 1160 1538 Didymus

41 1556 193 1620 omissus
215 1555 319 1622 estin
342 1557 505 1640 omnibus,
534 1557 581 1623 ita
608 1565 646 1622 ut
670 1565 767 1623 uetus
789 1557 841 1622 ille
864 1555 1068 1638 Parisiorum,
1099 1555 1160 1620 etsi

42 1681 115 1723 non
140 1667 231 1725 recta
252 1659 322 1743 via,
351 1660 465 1728 horum
493 1661 565 1726 fons
585 1660 753 1728 habendus
778 1661 828 1726 sit.
876 1657 973 1741 Quod
996 1659 1159 1725 antemio
1190 1729 1198 1742 ,

40 1762 85 1826 iis
112 1761 237 1826 accidit
258 1784 339 1846 quos
361 1787 459 1848 supra
482 1765 817 1846 commemoravimus,
843 1773 878 1829 ut
901 1771 933 1828 et
955 1763 1050 1828 titulo
1073 1762 1159 1827 aliis-

41 1887 114 1950 que
141 1865 242 1950 signis
264 1864 388 1931 definiri
402 1867 515 1953 possit,
538 1867 589 1931 cui
604 1867 802 1951 potissimum
820 1865 959 1934 familiae
975 1862 1160 1952 assignandi

41 1969 133 2033 sint:
166 1965 229 2032 hoc
256 1969 291 2034 in
318 1971 449 2055 reliquis
477 1978 513 2034 ut
541 1971 645 2035 minus
667 1971 700 2034 in
724 1977 835 2056 aperto
858 1992 928 2035 esse
950 1967 1099 2034 videatur
1121 1989 1158 2032 eo

42 2072 175 2136 factum
197 2078 256 2152 est,
280 2072 367 2156 quod
389 2072 545 2138 eiusmodi
566 2072 694 2138 iudiciis
715 2073 810 2159 longe
833 2073 935 2138 maior
957 2093 1067 2137 eorum
1083 2091 1158 2155 pars

42 2175 182 2238 omnino
204 2182 303 2258 caret,
326 2183 358 2240 et
380 2177 455 2261 quia
477 2199 518 2242 ex
539 2185 630 2244 tanto
652 2200 784 2245 numero
806 2175 961 2242 librorum
983 2175 1082 2260 pauci
1104 2195 1157 2237 ac-

44 2277 196 2342 curatius
217 2277 311 2342 nobis
332 2286 407 2344 sunt
429 2281 594 2366 comperti.

141 2375 294 2445 Ceterum
324 2382 352 2444 si
379 2390 466 2446 recte
488 2383 635 2446 instituta
657 2388 732 2442 sunt
754 2403 835 2462 quae
856 2380 1023 2464 hucusque
1046 2379 1086 2443 de
1108 2381 1156 2444 fa-

42 2483 149 2547 miliis
179 2481 328 2545 codicum
358 2481 539 2562 attulimus,
567 2480 661 2544 facile
690 2487 823 2563 apparet
851 2481 970 2542 nullam
993 2501 1062 2542 esse
1084 2479 1156 2542 reli-

43 2604 192 2670 quorum
221 2581 369 2646 codicum
403 2581 643 2663 auctoritatem,
680 2601 740 2644 nec
774 2578 873 2643 ullum
907 2579 1050 2644 fructum
1083 2577 1157 2644 inde

44 2685 329 2774 Cosmographiae
352 2683 466 2750 editori
487 2707 582 2770 posse
597 2683 729 2770 percipi.
769 2679 862 2764 Quae
885 2681 1030 2768 quamvis
1053 2681 1100 2746 ita
1122 2703 1156 2748 se

44 2791 203 2872 habeant,
224 2788 365 2874 placebit
387 2796 494 2855 tamen
517 2789 659 2881 singulos
682 2807 880 2866 enumerare3
905 2795 937 2851 et
957 2786 1004 2850 ita
1027 2784 1155 2871 quidem

45 2894 110 2958 hac
134 2895 170 2958 in
191 2916 226 2958 re
249 2893 455 2978 versabimus,
477 2901 514 2959 ut
537 2916 592 2960 eos
613 2893 712 2958 libros
727 2913 791 2955 uno
806 2889 878 2954 loco
894 2890 1155 2974 complectamur,

48 2998 104 3080 qui
129 2996 323 3086 cognatione
346 2996 484 3080 quadam
507 2996 677 3062 cohaerere
698 2994 791 3061 nobis
814 2992 875 3059 visi
897 3000 980 3057 sunt.

590 3189 617 3253 1.

142 3303 252 3386 Quare
274 3305 411 3390 primum
432 3306 538 3372 locum
561 3305 750 3373 obtinebunt
771 3304 845 3370 libri
867 3304 1075 3388 manuscripti
1097 3303 1153 3386 illi,

50 3411 105 3494 qui
117 3407 379 3475 Vindobonensis
401 3415 526 3493 partem
548 3411 651 3475 solum
672 3410 840 3490 exhibent3
863 3431 999 3493 quorum
1012 3413 1154 3493 praeter-

50 3514 151 3578 misso
179 3512 337 3578 Antonini
363 3510 533 3577 Itinerario
564 3512 628 3577 duo
651 3511 939 3602 Cosmographiam
966 3519 1092 3578 tantum
1121 3517 1153 3577 et
1202 3584 1203 3592 ἵ

52 3613 163 3681 Orosii
186 3613 427 3704 Geographiam
450 3624 687 3698 conservarunt,
713 3617 776 3681 duo
799 3639 875 3681 vero
898 3613 1051 3681 Orosium
1073 3637 1152 3698 quo·

53 3741 113 3802 que
137 3720 270 3784 missum
291 3719 421 3784 faciunt.
468 3717 553 3787 Sunt
574 3727 680 3783 autem
704 3717 830 3784 codices
852 3719 895 3784 hi.

142 3824 171 3890 1.
211 3820 305 3888 cod.
322 3822 622 3910 Neapolitanus
644 3821 898 3889 Borbonicus
921 3824 1065 3908 signat.
1083 3816 1151 3901 IV,

54 3921 95 3988 D.
112 3929 180 4010 21,
198 3926 359 3992 mbrauac.
380 3928 481 4010 forma
497 3937 623 4012 octava,
637 3926 826 3991 nitidissime
841 3926 1041 4012 conscriptus
1057 3943 1151 3987 manu

56 4048 136 4094 saec.
159 4029 240 4096 XII.
272 4038 396 4095 exeunt.
442 4031 481 4096 In
503 4033 607 4118 primo
630 4031 706 4097 folio
729 4032 845 4117 legitur
870 4030 966 4113 „Iani
987 4026 1150 4107 Parrhasii

56 4137 87 4192 et
108 4134 292 4200 amicorum.
336 4133 515 4200 Mediolani
537 4144 662 4223 emptus
684 4135 844 4222 argenteis
866 4135 1042 4220 quinque“.
1084 4128 1149 4197 Co·

57 4229 115 4298 dex
139 4238 303 4304 extribus
325 4239 471 4324 partibus
493 4249 690 4328 compactus,
713 4263 847 4326 quarrun
869 4240 957 4328 prior
971 4239 1126 4306 continet:
