2780 5092
747 543 805 609 140

221 717 317 801 pbiae
337 716 408 800 ipso
432 714 549 802 agitur.
584 717 657 780 Hoc
678 715 747 777 loco
769 711 847 777 satis
868 709 1026 795 ducimus,
1049 711 1076 778 si
1099 711 1210 779 ellatis'
1226 735 1313 801 argu·

220 818 338 883 mentis
365 821 647 909 comprobavimus·
671 814 733 899 qua
761 816 963 901 potissimum
990 820 1114 885 ratione
1140 820 1315 885 innumera·

219 921 299 987 bilia
329 925 411 993 vitia
433 935 469 992 et
488 920 682 989 obscuriores
703 920 767 984 loci
788 921 822 984 in
845 918 1134 1008 Cosmographiam
1155 924 1315 1009 irrepsisse

221 1024 391 1095 iudicandi
419 1029 486 1094 sint.
530 1019 622 1100 Quae
651 1022 679 1086 si
701 1045 778 1088 vera
799 1031 875 1088 sunt
897 1033 999 1109 certe,
1029 1025 1117 1109 quod
1138 1025 1180 1090 ad
1202 1047 1315 1092 sermo-

222 1151 299 1197 nem
321 1135 422 1217 ipsum
442 1122 587 1210 pertinet,
609 1123 728 1190 nullam
752 1145 882 1190 causam
904 1127 1042 1192 vidimus
1065 1150 1122 1194 cur
1143 1127 1180 1195 S.
1204 1129 1316 1196 Hiero-

224 1256 356 1320 nymum
377 1227 468 1294 libelli
488 1227 715 1293 translatorem
737 1229 882 1295 extitisse
909 1230 1096 1296 infitiemur:
1126 1232 1245 1317 quippe
1267 1234 1317 1297 cui

224 1357 327 1420 neque
355 1327 547 1411 corruptelae
577 1343 660 1414 quae
690 1352 711 1395 a
731 1333 870 1417 posteris
891 1332 999 1398 illatae
1016 1328 1112 1416 sunt,
1132 1351 1242 1420 ‘neque
1264 1337 1318 1400 ob·

225 1441 363 1504 scuriora
387 1430 442 1496 illa
466 1428 571 1498 uerba
600 1433 726 1498 crimini
745 1435 908 1500 'vertenda
925 1436 1005 1501 ¹sint
1026 1457 1114 1520 ‘quae
1140 1460 1183 1502 ex
1210 1437 1319 1503 Ethiei

223 1527 334 1606 libellis
354 1532 505 1620 religiose
526 1538 596 1623 ipse
619 1539 830 1604 conservavit.
899 1584 907 1591 A

258 1678 260 1682 -
304 1636 347 1700 II.
393 1636 443 1702 At
465 1648 552 1704 certe
573 1642 607 1704 in
631 1638 887 1726 cosmographia
907 1639 1017 1704 Ethioi
1044 1641 1203 1725 permulta
1229 1643 1321 1722 inve·

220 1743 344 1806 niuntur
368 1761 462 1824 quae,
486 1765 584 1827 quum
607 1743 734 1808 omnino
756 1742 956 1808 incredibilia
978 1743 1042 1808 sint
1063 1750 1096 1808 et
1117 1742 1251 1827 somnia,
1277 1746 1322 1810 ad

221 1843 253 1911 S.
268 1841 502 1930 Hieronymum
515 1854 688 1911 ¹auctorem
704 1846 839 1912 minime
862 1845 972 1910 reduci
985 1854 1129 1930 possunt.
1166 1843 1319 1913 Concedo

219 1945 377 2011 eiusmodi
394 1970 447 2014 res
469 1949 655 2035 saepissime
665 1948 768 2022 >,nobis
788 1947 822 2012 in
843 1947 926 2013 libro
940 1947 1051 2013 Ethici
1065 1970 1243 2032 occurrere,
1265 1973 1319 2015 ne·

218 2070 278 2132 que
306 2057 416 2116 tamen
445 2074 524 2116 eamr
544 2052 586 2118 ob
614 2074 745 2118 eausam
771 2051 970 2136 Hieronymo
987 2050 1231 2117 *abiudicendus
1259 2062 1318 2118 est.

216 2151 362 2217 Primum
391 2148 559 2234 enim,-'id
587 2153 674 2237 quod
704 2152 745 2215 in
766 2153 823 2216 tali
836 2174 839 2181 ⁴
852 2151 998 2216 codicum
1027 2154 1320 2238 manuscriptorum

217 2261 304 2318 statu
332 2256 398 2320 fere
427 2253 560 2337 accidit,
590 2277 740 2342 magnam
770 2252 1044 2340 Gosmograpbiae
1075 2263 1199 2341 partem
1227 2256 1319 2322 haud

216 2357 263 2421 ita
295 2357 390 2442 plane
422 2356 645 2444 intelligimus,
673 2366 724 2421 ut
757 2356 797 2421 de
830 2357 970 2442 ¹singulis
1002 2356 1157 2423 iudicium
1194 2368 1320 2425 certum
1366 2429 1370 2445 ,

217 2458 312 2525 edere
333 2461 502 2546 possimus.
536 2456 622 2525 Hoc
648 2467 718 2524 tum
741 2458 869 2524 demum
892 2459 1115 2545 proferendum
1138 2461 1199 2526 erit
1220 2486 1320 2548 quum

216 2564 385 2629 meliorum
414 2564 536 2649 aliquot
562 2561 715 2628 librorum
738 2561 935 2628 ‘auctoritate
962 2563 1130 2648 pristinam
1153 2572 1189 2630 et
1209 2588 1320 2630 veram

219 2665 506 2754 Oosmographiae
522 2666 657 2731 formam
685 2665 928 2732 restituerimus«
986 2663 1085 2748 Quod
1112 2666 1139 2730 si
1167 2691 1321 2754 umquam

217 2768 310 2834 nobis
332 2770 415 2834 forte
437 2769 613 2855 contigerit¹
629 2791 738 2855 spero,
768 2769 836 2833 fore
857 2775 893 2831 ut
915 2768 1017 2831 multa
1039 2789 1121 2851 quae
1143 2767 1239 2836 hodie
1262 2772 1319 2837 ab·

218 2869 316 2937 sruda
331 2893 400 2937 esse
415 2879 448 2936 et
463 2871 570 2936 inania
585 2872 754 2953 credimus,
776 2868 937 2933 meliorem
959 2889 1088 2933 sensum
1108 2872 1296 2954 praebeant.

235 2995 236 2998 ’
267 3025 270 3027 ‡
310 2977 341 3042 2.
387 2973 514 3040 Deinde
536 2997 623 3059 vero,
646 2973 770 3040 etiamsi
791 2969 940 3035 nonnulla
962 2971 1180 3056 relinquentur
1201 2977 1321 3057 quibus

218 3080 322 3144 minus
351 3079 505 3144 assentire
532 3099 717 3164 possumus,
750 3083 857 3138 tamen
888 3095 928 3138 ne
957 3074 1024 3138 ista
1047 3074 1176 3159 quidem
1204 3087 1322 3144 contra

219 3181 254 3248 S.
270 3180 504 3266 Hieronymum
527 3180 676 3247 videntur
697 3177 870 3245 dimicare..
894 3175 1028 3244 Scilicet
1048 3200 1112 3243 non
1134 3177 1232 3244 semel
1253 3182 1321 3265 ille,

219 3281 276 3348 sed
298 3284 475 3350 sexcenties
498 3292 594 3369 atque
615 3283 745 3368 passim,
766 3280 800 3344 in
815 3276 1072 3368 Cosmographia
1093 3281 1184 3365 dicit,
1207 3306 1320 3350 eorum

218 3408 301 3470 quae
317 3385 453 3454 Etbicus
470 3388 504 3452 in
521 3386 610 3452 libris
627 3384 692 3448 suis
709 3383 895 3467 protulisset
912 3386 1014 3451 multa
1037 3384 1098 3449 sibi
1118 3385 1321 3452 incredibilia

219 3511 287 3554 esse
309 3491 399 3554 visa,
426 3489 534 3571 Quam
556 3486 598 3552 ob
621 3506 749 3550 causam
771 3510 921 3574 magnam
943 3488 1057 3552 horum
1078 3495 1204 3573 partem
1222 3491 1319 3555 omit

196 3582 199 3583 ⁷
218 3590 273 3653 tit:
297 3588 337 3654 de
354 3592 425 3659 aliis
443 3600 560 3670 autem,
576 3588 636 3654 etsi
651 3610 689 3652 ea
703 3591 890 3674 asservavit,
901 3591 1117 3659 vvehementer
1132 3613 1202 3658 sese
1217 3595 1320 3679 scrip-

218 3694 262 3760 sit
289 3691 450 3758 dubitare:
489 3693 569 3756 Eius
593 3693 719 3777 generis
741 3693 830 3760 locos
851 3694 992 3761 invenies
1013 3716 1088 3780 pag.
1105 3697 1169 3762 477
1194 3719 1223 3760 a.
1246 3698 1318 3774 fin.;

219 3822 292 3886 pag.
315 3797 396 3878 481,
430 3819 460 3859 v.
486 3797 543 3876 153
584 3818 658 3884 pag.
682 3797 762 3880 484,
798 3820 879 3863 vers.
906 3798 962 3879 193
998 3821 1072 3885 pag.
1101 3799 1224 3866 isba.
1247 3801 1318 3877 fin.;

217 3925 292 3988 pag.
309 3902 375 3970 490
389 3907 468 3966 extr.
484 3921 571 3985 sqq.;
596 3922 670 3988 pag.
686 3901 762 3980 492,
778 3900 808 3967 3.
824 3909 899 3984 post
919 3901 1018 3982 med.;
1041 3923 1115 3988 pag.
1131 3902 1209 3984 499,
1231 3925 1263 3966 v.
1282 3905 1319 3980 2;

218 4003 337 4069 ibidem
360 4030 389 4069 v.
407 4007 454 4084 5.;
480 4003 558 4068 ibid.
582 4012 730 4080 extrem.;
753 4023 826 4087 pag·
845 4004 920 4084 500,
940 4003 1025 4082 init.;
1048 4026 1122 4089 pag.
1139 4007 1216 4087 502,
1238 4031 1269 4070 v.
1288 4008 1318 4071 7.

219 4125 304 4186 sqq.;
316 4130 389 4194 pag.
407 4110 482 4190 507,
498 4131 529 4172 v.
542 4109 579 4186 93
602 4106 720 4172 ibidem
736 4129 765 4168 v.
783 4103 837 4182 183
860 4126 934 4191 pag.
953 4106 1028 4186 513,
1043 4130 1074 4169 v.
1091 4107 1128 4183 33
1152 4117 1227 4194 pag.
1241 4109 1320 4186 517,

219 4228 248 4267 v.
266 4208 294 4271 2.
312 4229 398 4289 sqq.;
422 4234 495 4298 pag.
513 4213 588 4292 522,
611 4235 641 4274 v.
662 4210 710 4277 16.
727 4231 812 4293 sqq.;
837 4214 896 4270 etc.

276 4390 280 4397 ι
306 4306 432 4388 Quibus
460 4312 538 4378 locis
568 4306 717 4376 accurate
743 4309 906 4394 perpensis
934 4308 1068 4377 libenter
1096 4305 1322 4389 confitebimur

1330 524 1341 560 Ι
