2800 5088
653 522 655 530 ’
756 505 819 575 l00

238 680 336 770 ghina
366 675 504 746 viar'eem
533 688 639 743 turma
666 680 944 768 tergiversantium
973 681 1113 748 titillat.
1144 681 1334 770 turgentium

218 782 376 848 titubata
402 783 468 848 tela
493 780 623 846 tandem
646 784 801 848 trutinata
822 783 938 848 tritura
959 792 1102 850 toracem
1126 834 1133 849 .
1157 794 1248 850 tantu
1269 807 1335 850 mu·

237 887 343 952 aronis
369 885 558 950 Trimarcia.
610 885 749 952 'Phafros
780 886 880 952 Alaea
912 888 1159 969 tumultuantem
1196 888 1336 953 Tantilla

237 1001 330 1056 tenus
365 1039 372 1054 .
406 998 513 1055 turma
539 989 651 1054 tironis
683 997 865 1075 'temporum
900 998 972 1055 tura
999 999 1166 1078 tantopere
1194 990 1338 1056 Tulehus

237 1092 369 1160 triarum
397 1092 574 1158 tonantium
603 1100 691 1156 tenet
712 1091 969 1161 Malenoinorum
995 1093 1168 1160 titanistri'a
1191 1142 1199 1158 .
1223 1094 1340 1158 tellura

236 1195 425 1284 Murginum
447 1193 580 1260 delubra
601 1218 711 1260 amara
732 1196 897 1282 gentium.
914 1193 1022 1264 Stulta
1044 1204 1077 1261 et
1099 1197 1337 1262 invia.saltus.

237 1301 344 1384 aquilo
372 1301 483 1366 titan.
506 1298 657 1386 expedita
685 1299 807 1362 alarum
834 1299 900 1364 tela
920 1298 1153 1367 vehementiam
1174 1299 1340 1385 triumpha

237 1425 368 1489 carpere
397 1402 519 1468 famosa
546 1401 711 1487 trophea.
733 1400 767 1465 in
787 1400 959 1488 trumphea
979 1403 1093 1468 ulcisci
1114 1403 1229 1468 horrea
1251 1414 1339 1468 eata-

235 1508 340 1572 fraeta
368 1506 495 1571 cumulo
522 1504 590 1568 fore
617 1499 767 1587 diuturno
789 1505 873 1575 bello
896 1505 1044 1593 subigere
1064 1525 1216 1575 mucrone
1239 1506 1339 1570 africo

235 1624 380 1672 eonnexa
400 1608 519 1693 uligine
540 1607 671 1671 vesania
693 1605 871 1673 Malaneini
893 1608 1053 1673 eaeinlata
1068 1631 1230 1694 sumpsere
1244 1631 1340 1694 prae-

235 1709 354 1775 donum
376 1709 478 1795 spolia
499 1709 533 1773 in
554 1709 663 1782 lances
685 1731 760 1775 suos
787 1759 795 1774 .
823 1718 940 1798 sugent
968 1733 1080 1777 eruore
1108 1761 1116 1776 .
1142 1720 1176 1776 et
1194 1713 1340 1778 inmense

235 1813 390 1879 devorant
422 1812 646 1877 finitimorum
664 1833 776 1878 earnes
812 1861 820 1876 .
859 1812 1031 1880 medullam
1058 1836 1224 1881 caesorum
1257 1815 1340 1882 lam·

233 1917 326 1982 biunt
349 1965 357 1980 .
380 1929 421 1998 et
435 1915 581 2000 vipereas
602 1915 761 1980 lemureas
784 1921 1033 1982 consumunt““.
1079 1951 1084 1958 ·

321 2016 491 2085 Eiusmodi
513 2017 609 2084 etiam
631 2025 707 2082 sunt
727 2040 803 2105 pag.
821 2019 896 2103 515,
919 2021 954 2101 33
978 2021 1039 2090 521
1057 2041 1105 2106 sq.
1129 2028 1191 2086 ete.
1214 2027 1275 2086 eto.

324 2120 482 2204 Quamvis
511 2129 618 2186 autem
646 2119 680 2184 in
707 2121 867 2207 plerisque
896 2122 1096 2188 consentiant
1122 2123 1197 2188 libri
1225 2147 1342 2190 manu-

233 2224 357 2311 scripti,
378 2232 487 2289 tamen
509 2223 701 2290 dissentiunt
721 2224 755 2287 in
777 2223 856 2306 aliis,
878 2225 926 2289 ita
945 2234 983 2289 ut
1005 2233 1110 2290 certas
1125 2226 1266 2292 familias
1291 2237 1343 2293 at·

229 2345 296 2413 'que
324 2326 451 2393 ordines
478 2323 632 2392 librorum
661 2327 854 2394 constituere
881 2328 1049 2414 possimus.
1099 2327 1146 2391 Et
1175 2330 1253 2412 quia
1274 2330 1344 2396 hae

232 2433 267 2496 in
288 2435 323 2496 re
338 2430 547 2518 potissimum
569 2429 698 2496 codices
720 2451 800 2515 quos
826 2430 963 2497 vidimus
991 2430 1198 2513 dissentiunt,
1228 2441 1266 2497 ut
1294 2435 1344 2500 in·

233 2533 482 2602 numerabilibus
504 2533 645 2600 cuiusvis
667 2534 794 2622 generis
817 2534 902 2600 vitiis
925 2534 979 2599 alii
1003 2542 1165 2616 scateant,
1194 2535 1251 2599 alii
1273 2538 1345 2603 lee-

232 2639 336 2704 tiones
357 2637 461 2702 minus
484 2636 676 2723 depravatas
699 2639 948 2720 asservaverint,
976 2637 1023 2701 ita
1045 2645 1082 2701 ut
1105 2638 1146 2721 (ai
1167 2638 1258 2704 loeos
1285 2665 1345 2706 ex-

232 2741 334 2827 cipias
355 2740 426 2804 illos
449 2733 504 2823 qni
527 2741 657 2806 omnino
677 2761 742 2803 non
763 2739 899 2825 intelligi
915 2741 1062 2824 possunt)
1078 2740 1203 2825 reliqua
1216 2765 1346 2830 magna
1398 2801 1399 2804 ,

233 2865 273 2907 ex
301 2851 393 2930 parte
421 2863 549 2909 sensum
582 2841 775 2928 praebeant:
809 2842 842 2906 in
868 2840 949 2906 duas
972 2849 1084 2926 partes
1117 2843 1191 2910 libri
1224 2871 1347 2912 manri-

232 2947 344 3034 aoripti
367 2945 495 3014 abeunt.

737 3175 767 3258 a.
799 3175 829 3239 r.

528 3313 575 3363 DE
593 3309 706 3362 LIBRIS
724 3309 799 3364 MSS.
817 3309 986 3364 FAMILIAE
1004 3313 1036 3364 A.

321 3453 460 3520 Oodiees
480 3453 619 3518 familiae
641 3455 691 3537 A,
721 3451 954 3543 sive'optimae
973 3465 1087 3542 notae,
1112 3460 1245 3526 omnino
1270 3469 1352 3528 tres

230 3555 324 3622 nobis
346 3564 569 3639 occurrerunt,
591 3556 729 3623 scilieet:

323 3660 353 3726 l.
388 3657 482 3725 Ood.
498 3658 746 3746 Vaticanus,
768 3661 1023 3728 exBibliotb.
1039 3662 1219 3752 Reginae
1234 3665 1351 3734 Sue-

232 3765 362 3846 eieae,
398 3762 541 3849 signat.
573 3765 692 3848 1260,
730 3773 827 3832 xantea
854 3765 1068 3835 Floriaaensis
1096 3791 1192 3854 quem
1219 3769 1354 3838 habuit

230 3867 348 3934 Petrus
369 3864 486 3931 Daniel
507 3867 764 3950 Aurelianensis,
792 3868 825 3933 in
848 3875 979 3953 quarto,
1007 3869 1169 3937 mbranae.
1198 3872 1356 3940 oharae-

159 4017 169 4036 .
230 3978 298 4038 tere
326 3969 443 4060 gallico
465 3969 567 4037 nitide
590 3976 747 4037 exaratus.
791 3968 895 4036 Initio'
918 3971 1039 4038 eodinis
1067 3996 1257 4060 expressum
1297 3989 1359 4046 est

231 4094 347 4141 nomen
369 4073 460 4140 Petri
481 4071 627 4142 Danielis
646 4071 903 4156 Aurelianensis,
926 4096 998 4139 eum
1019 4076 1153 4142 laudant
1174 4079 1209 4143 in
1229 4077 1359 4148 Prae-

230 4173 350 4240 fatione
379 4175 422 4240 ad
449 4175 621 4246 editionem
646 4174 936 4244 Pseudo-Aethiei
970 4186 1004 4244 et
1033 4180 1196 4247 Itinerarii
1222 4183 1362 4254 Anto-

231 4275 299 4341 nini
325 4275 429 4342 Iosias
458 4278 590 4363 Simler,
624 4302 684 4346 nee
716 4302 781 4348 non
814 4280 848 4346 in
870 4278 1024 4353 Biblioth,
1051 4285 1363 4358 Bibliothecarum
