2780 5092
748 481 812 552 184

231 679 383 747 ronymns
411 659 566 747 probatur
595 655 883 746 cosmographiam
913 657 1124 738 convertisse3
1162 679 1260 743 quare
1287 681 1335 724 sa-

233 764 341 848 quenti
370 764 477 848 eapite
510 762 551 828 de
579 761 748 850 Origine
778 761 1023 828 Francorum
1058 761 1152 827 nobis
1183 760 1336 828 disseren-

234 866 310 932 dum
332 867 401 932 erit.
523 905 525 912 ,

683 1037 883 1044 *ᾖε-...ἓ

615 1197 836 1318 CAPVT
872 1201 956 1314 Ill.

377 1380 441 1444 nn
464 1378 661 1448 omerus
685 1379 859 1448 nauus
883 1375 1191 1446 rahucoavru.

742 1551 771 1632 §-
799 1549 826 1612 1.

267 1690 441 1741 NATIONES
469 1691 736 1742 OOCIDENTALES
763 1691 811 1742 AB
838 1689 1006 1740 INCENDIO
1034 1688 1165 1740 TROIAE
1193 1676 1304 1740 INITIA

690 1777 877 1827 REPETERE.

322 1891 489 1981 Originem
511 1903 545 1958 et
565 1893 759 1960 incunabula
780 1893 923 1980 gentium
943 1891 1035 1958 nobis
1053 1892 1338 1976 perscrutantibus,

235 2017 332 2079 quum
356 2017 466 2062 eorum
486 2005 666 2083 temporum
690 2005 779 2062 certa
801 1995 958 2080 quaedam
975 2003 1008 2060 et
1024 2017 1105 2080 quae
1119 1995 1237 2066 litteris
1252 2018 1339 2061 man·

236 2097 312 2164 data
322 2099 377 2193 ,sit
398 2099 532 2166 historia
545 2122 609 2165 non
624 2098 819 2184 suppeditet,
841 2100 905 2162 iam
920 2121 985 2162 una
998 2097 1155 2184 magistra
1170 2097 1276 2162 Fama
1290 2120 1339 2164 re·

234 2200 396 2284 linquitur.
442 2189 538 2267 Licet
559 2202 644 2267 enim
665 2201 699 2264 in
720 2201 837 2265 fabulis
859 2200 900 2265 de
921 2200 1021 2265 initiis
1043 2200 1249 2285 populorum,
1278 2201 1339 2266 soi-

233 2302 310 2366 lieet
331 2324 412 2386 qnae
434 2326 490 2370 ore
511 2311 710 2392 propagatae
738 2311 828 2386 sunt,
840 2361 844 2364 .
858 2304 984 2392 singula
1005 2305 1072 2370 fere
1094 2304 1204 2368 omnia
1225 2304 1337 2370 immu-

234 2411 304 2470 tata
317 2405 496 2491 videantur,
518 2409 616 2472 itaut
632 2406 748 2472 afletis
762 2426 840 2473 vera
854 2407 909 2473 vix
924 2408 1208 2495 seiungi'possint:
1232 2416 1336 2473 tamen

235 2509 368 2598 originis
390 2511 567 2590 eommunis
588 2509 784 2577 conscientia
799 2518 896 2594 atque
911 2533 1022 2578 sensus
1036 2512 1174 2598 populos
1188 2511 1336 2598 pervasit,

236 2635 331 2697 quem
350 2613 466 2680 fabulis
488 2636 674 2700 expressum
696 2613 793 2679 etiam
816 2637 901 2680 nune
922 2615 1116 2702 investigare
1137 2636 1315 2702 possumus.

324 2716 408 2784 Sunt
436 2725 543 2782 autem
572 2717 685 2782 harum
713 2719 932 2783 narrationum
956 2718 1059 2783 forma
1081 2725 1114 2782 et
1134 2725 1252 2784 natura
1272 2738 1336 2795 eae,

235 2828 272 2883 ut
294 2841 314 2882 a
334 2841 452 2906 magno
474 2820 581 2904 aliquo
604 2828 637 2886 et
660 2820 746 2885 olaro
770 2842 845 2886 casu
868 2819 1072 2903 inchoantes,
1099 2821 1140 2886 ab
1163 2820 1227 2886 hoe
1248 2819 1337 2884 initia

235 2931 363 3010 gentem
386 2921 556 2989 deduxisse
577 2923 718 2988 tradant.
765 2921 841 3004 Qua
860 2923 893 2986 in
914 2945 950 2988 re
971 2907 1186 3009 semperfere
1208 2921 1337 3001 aoeidit,

235 3034 272 3090 ut
293 3028 439 3092 nationes
453 3049 536 3112 quae
559 3027 713 3094 affinitate
736 3025 874 3112 quadam
898 3027 1085 3092 eoniunetas
1107 3045 1176 3090 esse
1198 3045 1267 3090 sese
1289 3023 1338 3086 in·

235 3128 431 3215 telligerent,
454 3154 495 3197 ex
515 3130 630 3198 iisdem
652 3129 781 3196 aedibus
804 3127 917 3194 eodem
939 3138 1083 3215 tempore
1105 3128 1243 3194 maiores
1264 3147 1336 3191 suos

234 3233 428 3318 processisse
456 3231 633 3298 crederent.
678 3233 728 3299 Ut
757 3233 840 3298 enim
862 3232 1000 3298 flammis
1022 3256 1041 3302 e
1062 3231 1183 3298 vortioe
1205 3228 1335 3296 Vesuvii

235 3336 356 3418 montis
376 3338 631 3423 erumpentibus,
661 3336 716 3420 qui
743 3343 838 3400 antea
859 3336 981 3402 latebat
1002 3344 1128 3402 torrens
1149 3336 1264 3422 igneus
1285 3332 1334 3396 de

235 3437 391 3522 volvitur,
415 3448 448 3504 et
468 3441 501 3504 in
523 3441 641 3506 multoe
663 3438 783 3504 rivulos
805 3439 928 3505 solutus
951 3462 1046 3527 agros
1067 3439 1188 3504 sulcat:
1215 3437 1263 3503 sio
1284 3441 1334 3498 aut

137 3611 149 3636 ο
235 3561 352 3626 magna
373 3542 452 3607 urbe
475 3543 515 3608 ab
538 3542 684 3609 hostibus
706 3542 855 3608 incendio
877 3541 1021 3607 funditus
1048 3541 1170 3626 deleta,
1200 3547 1255 3606 aut
1276 3535 1332 3602 alio

236 3664 313 3708 oasu
340 3644 548 3712 conturbatos
575 3646 716 3729 incolas,
746 3647 801 3732 qui
831 3655 926 3712 antea
947 3657 1045 3712 unam
1067 3645 1231 3710 civitatem
1253 3643 1333 3706 ineo-

234 3746 377 3832 luorant,
404 3749 525 3814 relictis
554 3749 684 3815 sedibus
712 3749 855 3816 diversas
881 3758 987 3815 terrae
1014 3756 1123 3835 partes
1146 3744 1331 3832 quaesivisse

236 3839 268 3915 et
289 3853 381 3918 novis
403 3852 584 3918 nominibus
607 3875 707 3918 novas
728 3862 841 3940 gentes
863 3852 1045 3918 condidisse
1066 3851 1212 3937 legimus.

319 3954 373 4020 ·Ut
403 3965 509 4023 autem
541 3957 715 4021 seeundum
750 3955 951 4021 orientalium
986 3953 1178 4039 populorum
1206 3947 1331 4022 fabulas,

235 4081 332 4142 quum
354 4060 430 4131 olim
452 4083 516 4125 una
539 4060 714 4146 eademque
736 4059 844 4148 lingua
866 4065 1031 4123 uterentur
1052 4055 1207 4138 homineS,
1230 4059 1261 4119 et
1282 4069 1330 4112 na-

235 4159 355 4228 tionem
378 4165 469 4248 quesi
492 4187 588 4234 unam
611 4187 721 4232 onmes
743 4163 902 4246 facerent,
931 4159 1049 4225 eversis
1078 4159 1209 4225 tandem
1230 4153 1330 4236 Baby-

235 4262 328 4330 loniis
350 4267 497 4350 molibua,
521 4265 667 4334 diversae
687 4266 781 4332 simul
797 4273 909 4350 gentes
924 4264 1098 4332 extiterunt
1121 4272 1157 4328 et
1178 4259 1330 4326 univer·
