<?xml version="1.0" encoding="UTF-8"?>
<!DOCTYPE html PUBLIC "-//W3C//DTD XHTML 1.0 Transitional//EN"
    "http://www.w3.org/TR/xhtml1/DTD/xhtml1-transitional.dtd">
<html xmlns="http://www.w3.org/1999/xhtml" xml:lang="en" lang="en">
 <head>
  <title>
</title>
<meta http-equiv="Content-Type" content="text/html;charset=utf-8" />
  <meta name='ocr-system' content='tesseract 3.04.00' />
  <meta name='ocr-capabilities' content='ocr_page ocr_carea ocr_par ocr_line ocrx_word'/>
</head>
<body>
  <div class='ocr_page' id='page_1' title='image "./decosmographiae01pertgoog_0188.png"; bbox 0 0 2780 5092; ppageno 0'>
   <div class='ocr_carea' id='block_1_1' title="bbox 543 477 603 542">
    <p class='ocr_par' dir='ltr' id='par_1_1' title="bbox 543 477 603 542">
     <span class='ocr_line' id='line_1_1' title="bbox 543 477 603 542; baseline 0 0"><span class='ocrx_word' id='word_1_1' title='bbox 543 477 603 542; x_wconf 82' lang='grc'>177</span> 
     </span>
    </p>
   </div>
   <div class='ocr_carea' id='block_1_2' title="bbox 5 647 1134 3407">
    <p class='ocr_par' dir='ltr' id='par_1_2' title="bbox 5 647 1129 2383">
     <span class='ocr_line' id='line_1_2' title="bbox 31 647 1126 742; baseline 0.005 -28"><span class='ocrx_word' id='word_1_2' title='bbox 31 650 177 718; x_wconf 86' lang='lat' dir='ltr'>idiomate</span> <span class='ocrx_word' id='word_1_3' title='bbox 192 651 374 732; x_wconf 80' lang='lat' dir='ltr'>Slarouico‚</span> <span class='ocrx_word' id='word_1_4' title='bbox 396 658 435 714; x_wconf 88' lang='lat' dir='ltr'>et</span> <span class='ocrx_word' id='word_1_5' title='bbox 452 649 696 714; x_wconf 78' lang='lat' dir='ltr'><strong>charactere</strong></span> <span class='ocrx_word' id='word_1_6' title='bbox 714 647 749 716; x_wconf 87' lang='lat' dir='ltr'>S.</span> <span class='ocrx_word' id='word_1_7' title='bbox 763 648 990 737; x_wconf 84' lang='lat' dir='ltr'>Hieronymi</span> <span class='ocrx_word' id='word_1_8' title='bbox 1011 653 1126 742; x_wconf 84' lang='lat' dir='ltr'>vulgo</span> 
     </span>
     <span class='ocr_line' id='line_1_3' title="bbox 31 753 1127 844; baseline 0.006 -27"><span class='ocrx_word' id='word_1_9' title='bbox 31 761 255 840; x_wconf 89' lang='lat' dir='ltr'>nuncupato</span> <span class='ocrx_word' id='word_1_10' title='bbox 283 753 499 840; x_wconf 86' lang='lat' dir='ltr'>conscriptos,</span> <span class='ocrx_word' id='word_1_11' title='bbox 528 761 710 839; x_wconf 89' lang='lat' dir='ltr'>opportuna</span> <span class='ocrx_word' id='word_1_12' title='bbox 737 753 955 840; x_wconf 87' lang='lat' dir='ltr'>recognitione</span> <span class='ocrx_word' id='word_1_13' title='bbox 982 756 1127 844; x_wconf 76' lang='lat' dir='ltr'>indigere</span> 
     </span>
     <span class='ocr_line' id='line_1_4' title="bbox 30 854 1126 944; baseline 0.005 -24"><span class='ocrx_word' id='word_1_14' title='bbox 30 866 223 944; x_wconf 88' lang='lat' dir='ltr'>compertum</span> <span class='ocrx_word' id='word_1_15' title='bbox 252 858 307 922; x_wconf 86' lang='lat' dir='ltr'>sit:</span> <span class='ocrx_word' id='word_1_16' title='bbox 337 879 395 922; x_wconf 93' lang='lat' dir='ltr'>nos</span> <span class='ocrx_word' id='word_1_17' title='bbox 421 879 486 922; x_wconf 88' lang='lat' dir='ltr'>reo.</span> <span class='ocrx_word' id='word_1_18' title='bbox 510 879 604 924; x_wconf 91' lang='lat' dir='ltr'>mem.</span> <span class='ocrx_word' id='word_1_19' title='bbox 627 855 756 921; x_wconf 84' lang='lat' dir='ltr'>Urbani</span> <span class='ocrx_word' id='word_1_20' title='bbox 783 878 887 943; x_wconf 88' lang='lat' dir='ltr'>papae</span> <span class='ocrx_word' id='word_1_21' title='bbox 909 854 1004 922; x_wconf 89' lang='lat' dir='ltr'><strong>VIII.</strong></span> <span class='ocrx_word' id='word_1_22' title='bbox 1029 861 1126 926; x_wconf 87' lang='lat' dir='ltr'>etiam</span> 
     </span>
     <span class='ocr_line' id='line_1_5' title="bbox 29 957 1126 1045; baseline 0.003 -21"><span class='ocrx_word' id='word_1_23' title='bbox 29 959 277 1044; x_wconf 80' lang='lat' dir='ltr'>praedecessoris</span> <span class='ocrx_word' id='word_1_24' title='bbox 311 961 429 1044; x_wconf 81' lang='lat' dir='ltr'>nostri,</span> <span class='ocrx_word' id='word_1_25' title='bbox 469 959 523 1045; x_wconf 93' lang='lat' dir='ltr'>qui</span> <span class='ocrx_word' id='word_1_26' title='bbox 557 957 693 1025; x_wconf 90' lang='lat' dir='ltr'>Missale</span> <span class='ocrx_word' id='word_1_27' title='bbox 728 957 894 1045; x_wconf 90' lang='lat' dir='ltr'>Illyricum</span> <span class='ocrx_word' id='word_1_28' title='bbox 924 961 1126 1028; x_wconf 88' lang='lat' dir='ltr'>emendatum</span> 
     </span>
     <span class='ocr_line' id='line_1_6' title="bbox 29 1059 1126 1150; baseline 0.004 -24"><span class='ocrx_word' id='word_1_29' title='bbox 29 1064 113 1129; x_wconf 86' lang='lat' dir='ltr'>iuxta</span> <span class='ocrx_word' id='word_1_30' title='bbox 134 1064 335 1150; x_wconf 80' lang='lat' dir='ltr'>nuperrimae</span> <span class='ocrx_word' id='word_1_31' title='bbox 354 1063 439 1128; x_wconf 90' lang='lat' dir='ltr'>illius</span> <span class='ocrx_word' id='word_1_32' title='bbox 460 1063 704 1128; x_wconf 82' lang='lat' dir='ltr'>reformationes</span> <span class='ocrx_word' id='word_1_33' title='bbox 726 1059 966 1129; x_wconf 79' lang='lat' dir='ltr'>charactere</span> <span class='ocrx_word' id='word_1_34' title='bbox 983 1063 1126 1130; x_wconf 89' lang='lat' dir='ltr'>Hiero-</span> 
     </span>
     <span class='ocr_line' id='line_1_7' title="bbox 28 1165 1126 1254; baseline 0.005 -25"><span class='ocrx_word' id='word_1_35' title='bbox 28 1167 207 1254; x_wconf 88' lang='lat' dir='ltr'>nymiano</span> <span class='ocrx_word' id='word_1_36' title='bbox 237 1188 276 1230; x_wconf 89' lang='lat' dir='ltr'>ae</span> <span class='ocrx_word' id='word_1_37' title='bbox 296 1167 407 1252; x_wconf 82' lang='lat' dir='ltr'>lingua</span> <span class='ocrx_word' id='word_1_38' title='bbox 427 1165 599 1233; x_wconf 81' lang='lat' dir='ltr'>Slarouioa</span> <span class='ocrx_word' id='word_1_39' title='bbox 622 1165 710 1252; x_wconf 86' lang='lat' dir='ltr'>typis</span> <span class='ocrx_word' id='word_1_40' title='bbox 731 1165 856 1254; x_wconf 85' lang='lat' dir='ltr'>vulgari</span> <span class='ocrx_word' id='word_1_41' title='bbox 876 1166 1052 1251; x_wconf 85' lang='lat' dir='ltr'>mandavit,</span> <span class='ocrx_word' id='word_1_42' title='bbox 1071 1191 1126 1234; x_wconf 83' lang='lat' dir='ltr'>ve·</span> 
     </span>
     <span class='ocr_line' id='line_1_8' title="bbox 27 1267 1127 1358; baseline 0.005 -26"><span class='ocrx_word' id='word_1_43' title='bbox 27 1270 128 1357; x_wconf 86' lang='lat' dir='ltr'>stigiis</span> <span class='ocrx_word' id='word_1_44' title='bbox 151 1269 369 1350; x_wconf 81' lang='lat' dir='ltr'>inhaerentes,</span> <span class='ocrx_word' id='word_1_45' title='bbox 401 1295 443 1332; x_wconf 85' lang='grc'>.;.</span> <span class='ocrx_word' id='word_1_46' title='bbox 465 1268 637 1335; x_wconf 89' lang='lat' dir='ltr'>venerabili</span> <span class='ocrx_word' id='word_1_47' title='bbox 658 1269 751 1334; x_wconf 83' lang='lat' dir='ltr'>fratri</span> <span class='ocrx_word' id='word_1_48' title='bbox 773 1267 930 1355; x_wconf 82' lang='lat' dir='ltr'>Raphaeli</span> <span class='ocrx_word' id='word_1_49' title='bbox 953 1270 1127 1358; x_wconf 87' lang='lat' dir='ltr'>archiepis-</span> 
     </span>
     <span class='ocr_line' id='line_1_9' title="bbox 27 1369 1127 1457; baseline 0.004 -23"><span class='ocrx_word' id='word_1_50' title='bbox 27 1394 108 1457; x_wconf 92' lang='lat' dir='ltr'>copo</span> <span class='ocrx_word' id='word_1_51' title='bbox 137 1369 320 1451; x_wconf 85' lang='lat' dir='ltr'>Achridae,</span> <span class='ocrx_word' id='word_1_52' title='bbox 355 1393 411 1436; x_wconf 92' lang='lat' dir='ltr'>seu</span> <span class='ocrx_word' id='word_1_53' title='bbox 438 1369 567 1436; x_wconf 81' lang='lat' dir='ltr'>Primae</span> <span class='ocrx_word' id='word_1_54' title='bbox 592 1371 806 1454; x_wconf 89' lang='lat' dir='ltr'>Iustinianae‚</span> <span class='ocrx_word' id='word_1_55' title='bbox 840 1371 1063 1439; x_wconf 87' lang='lat' dir='ltr'>mandavimus</span> <span class='ocrx_word' id='word_1_56' title='bbox 1090 1383 1127 1438; x_wconf 92' lang='lat' dir='ltr'>ut</span> 
     </span>
     <span class='ocr_line' id='line_1_10' title="bbox 25 1472 1126 1562; baseline 0.005 -24"><span class='ocrx_word' id='word_1_57' title='bbox 25 1473 229 1540; x_wconf 89' lang='lat' dir='ltr'>Breviarium</span> <span class='ocrx_word' id='word_1_58' title='bbox 256 1472 437 1559; x_wconf 82' lang='lat' dir='ltr'>Illyricum,</span> <span class='ocrx_word' id='word_1_59' title='bbox 466 1483 539 1538; x_wconf 87' lang='lat' dir='ltr'>ante</span> <span class='ocrx_word' id='word_1_60' title='bbox 568 1495 667 1538; x_wconf 90' lang='lat' dir='ltr'>annos</span> <span class='ocrx_word' id='word_1_61' title='bbox 693 1482 820 1540; x_wconf 89' lang='lat' dir='ltr'>centum</span> <span class='ocrx_word' id='word_1_62' title='bbox 842 1476 1048 1562; x_wconf 83' lang='lat' dir='ltr'>impressum,</span> <span class='ocrx_word' id='word_1_63' title='bbox 1076 1501 1126 1542; x_wconf 88' lang='lat' dir='ltr'>re-</span> 
     </span>
     <span class='ocr_line' id='line_1_11' title="bbox 26 1581 340 1666; baseline -0.006 -25"><span class='ocrx_word' id='word_1_64' title='bbox 26 1581 256 1666; x_wconf 84' lang='lat' dir='ltr'>cognosceret“</span> <span class='ocrx_word' id='word_1_65' title='bbox 279 1583 340 1640; x_wconf 89' lang='lat' dir='ltr'>etc.</span> 
     </span>
     <span class='ocr_line' id='line_1_12' title="bbox 5 1671 1128 1770; baseline 0.003 -23"><span class='ocrx_word' id='word_1_66' title='bbox 5 1671 8 1682; x_wconf 77' lang='grc'>’</span> <span class='ocrx_word' id='word_1_67' title='bbox 111 1684 143 1748; x_wconf 90' lang='grc'>4.</span> <span class='ocrx_word' id='word_1_68' title='bbox 189 1678 338 1762; x_wconf 88' lang='lat' dir='ltr'>Denique</span> <span class='ocrx_word' id='word_1_69' title='bbox 366 1678 617 1750; x_wconf 77' lang='lat' dir='ltr'>Benedictus</span> <span class='ocrx_word' id='word_1_70' title='bbox 645 1681 754 1748; x_wconf 90' lang='lat' dir='ltr'><strong>XIV.</strong></span> <span class='ocrx_word' id='word_1_71' title='bbox 777 1693 864 1770; x_wconf 87' lang='lat' dir='ltr'>pa&#39;pa</span> <span class='ocrx_word' id='word_1_72' title='bbox 892 1683 980 1752; x_wconf 86' lang='lat' dir='ltr'>edita</span> <span class='ocrx_word' id='word_1_73' title='bbox 1008 1686 1128 1752; x_wconf 89' lang='lat' dir='ltr'>consti-</span> 
     </span>
     <span class='ocr_line' id='line_1_13' title="bbox 25 1781 1126 1867; baseline 0.005 -19"><span class='ocrx_word' id='word_1_74' title='bbox 25 1785 151 1848; x_wconf 90' lang='lat' dir='ltr'>tutione</span> <span class='ocrx_word' id='word_1_75' title='bbox 179 1783 357 1867; x_wconf 87' lang='lat' dir='ltr'>praecepit:</span> <span class='ocrx_word' id='word_1_76' title='bbox 404 1781 481 1862; x_wconf 86' lang='lat' dir='ltr'>„Ut</span> <span class='ocrx_word' id='word_1_77' title='bbox 514 1797 625 1850; x_wconf 86' lang='lat' dir='ltr'>omnes</span> <span class='ocrx_word' id='word_1_78' title='bbox 660 1785 870 1850; x_wconf 89' lang='lat' dir='ltr'>ecclesiastici</span> <span class='ocrx_word' id='word_1_79' title='bbox 897 1787 979 1853; x_wconf 88' lang='lat' dir='ltr'>ritus</span> <span class='ocrx_word' id='word_1_80' title='bbox 1007 1787 1126 1856; x_wconf 85' lang='lat' dir='ltr'>Slavo-</span> 
     </span>
     <span class='ocr_line' id='line_1_14' title="bbox 5 1883 1127 1978; baseline 0.006 -30"><span class='ocrx_word' id='word_1_81' title='bbox 5 1884 157 1978; x_wconf 73' lang='lat' dir='ltr'>¹Latini,</span> <span class='ocrx_word' id='word_1_82' title='bbox 187 1884 220 1948; x_wconf 89' lang='lat' dir='ltr'>in</span> <span class='ocrx_word' id='word_1_83' title='bbox 240 1883 351 1952; x_wconf 80' lang='lat' dir='ltr'>Missis</span> <span class='ocrx_word' id='word_1_84' title='bbox 373 1891 408 1950; x_wconf 84' lang='lat' dir='ltr'>et</span> <span class='ocrx_word' id='word_1_85' title='bbox 429 1883 559 1958; x_wconf 87' lang='lat' dir='ltr'>Divinis</span> <span class='ocrx_word' id='word_1_86' title='bbox 582 1883 698 1948; x_wconf 87' lang='lat' dir='ltr'>officiis</span> <span class='ocrx_word' id='word_1_87' title='bbox 720 1891 884 1948; x_wconf 83' lang='lat' dir='ltr'>uterentur</span> <span class='ocrx_word' id='word_1_88' title='bbox 906 1889 993 1951; x_wconf 87' lang='lat' dir='ltr'>solo</span> <span class='ocrx_word' id='word_1_89' title='bbox 1021 1891 1127 1955; x_wconf 92' lang='lat' dir='ltr'>idio-</span> 
     </span>
     <span class='ocr_line' id='line_1_15' title="bbox 5 1983 1128 2054; baseline 0.001 -2"><span class='ocrx_word' id='word_1_90' title='bbox 5 1987 129 2052; x_wconf 79' lang='lat' dir='ltr'>‘mate</span> <span class='ocrx_word' id='word_1_91' title='bbox 158 1985 505 2054; x_wconf 77' lang='lat' dir='ltr'>slavo-Litterali</span> <span class='ocrx_word' id='word_1_92' title='bbox 532 2007 619 2051; x_wconf 87' lang='lat' dir='ltr'>curn</span> <span class='ocrx_word' id='word_1_93' title='bbox 651 1983 961 2052; x_wconf 87' lang='lat' dir='ltr'>characteribus</span> <span class='ocrx_word' id='word_1_94' title='bbox 982 1987 1128 2053; x_wconf 88' lang='lat' dir='ltr'>Hiero·</span> 
     </span>
     <span class='ocr_line' id='line_1_16' title="bbox 24 2087 1129 2178; baseline 0.004 -24"><span class='ocrx_word' id='word_1_95' title='bbox 24 2091 254 2178; x_wconf 84' lang='lat' dir='ltr'>nymianis“.</span> <span class='ocrx_word' id='word_1_96' title='bbox 285 2089 394 2173; x_wconf 82' lang='lat' dir='ltr'>Quam</span> <span class='ocrx_word' id='word_1_97' title='bbox 409 2088 539 2175; x_wconf 89' lang='lat' dir='ltr'>quidem</span> <span class='ocrx_word' id='word_1_98' title='bbox 557 2087 718 2175; x_wconf 84' lang='lat' dir='ltr'>pontificis</span> <span class='ocrx_word' id='word_1_99' title='bbox 733 2088 993 2158; x_wconf 85' lang='lat' dir='ltr'>constitutionem</span> <span class='ocrx_word' id='word_1_100' title='bbox 1005 2087 1129 2158; x_wconf 89' lang='lat' dir='ltr'>Romae</span> 
     </span>
     <span class='ocr_line' id='line_1_17' title="bbox 28 2190 1127 2282; baseline 0.001 -23"><span class='ocrx_word' id='word_1_101' title='bbox 28 2195 77 2262; x_wconf 98' lang='grc'>18.</span> <span class='ocrx_word' id='word_1_102' title='bbox 102 2193 177 2258; x_wconf 90' lang='lat' dir='ltr'>Kal.</span> <span class='ocrx_word' id='word_1_103' title='bbox 202 2192 366 2280; x_wconf 84' lang='lat' dir='ltr'>Septemb.</span> <span class='ocrx_word' id='word_1_104' title='bbox 386 2193 592 2279; x_wconf 90' lang='lat' dir='ltr'>pontificatus</span> <span class='ocrx_word' id='word_1_105' title='bbox 615 2214 699 2259; x_wconf 89' lang='lat' dir='ltr'>anno</span> <span class='ocrx_word' id='word_1_106' title='bbox 724 2193 775 2260; x_wconf 88' lang='grc'>14.</span> <span class='ocrx_word' id='word_1_107' title='bbox 798 2191 919 2260; x_wconf 89' lang='lat' dir='ltr'>editam</span> <span class='ocrx_word' id='word_1_108' title='bbox 942 2201 987 2282; x_wconf 79' lang='lat' dir='ltr'>(p.</span> <span class='ocrx_word' id='word_1_109' title='bbox 1007 2190 1127 2260; x_wconf 81' lang='lat' dir='ltr'>Christ.</span> 
     </span>
     <span class='ocr_line' id='line_1_18' title="bbox 26 2295 1106 2383; baseline 0.001 -21"><span class='ocrx_word' id='word_1_110' title='bbox 26 2319 108 2364; x_wconf 87' lang='lat' dir='ltr'>anno</span> <span class='ocrx_word' id='word_1_111' title='bbox 133 2298 242 2376; x_wconf 82' lang='grc'><strong>1754.)</strong></span> <span class='ocrx_word' id='word_1_112' title='bbox 267 2295 354 2382; x_wconf 87' lang='lat' dir='ltr'>apud</span> <span class='ocrx_word' id='word_1_113' title='bbox 368 2297 667 2382; x_wconf 83' lang='lat' dir='ltr'>Assemannum‘⁸&#39;²)</span> <span class='ocrx_word' id='word_1_114' title='bbox 690 2297 935 2383; x_wconf 88' lang='lat' dir='ltr'>transscriptam</span> <span class='ocrx_word' id='word_1_115' title='bbox 955 2298 1106 2365; x_wconf 85' lang='lat' dir='ltr'>invenies.</span> 
     </span>
    </p>

    <p class='ocr_par' dir='ltr' id='par_1_3' title="bbox 25 2397 1132 2992">
     <span class='ocr_line' id='line_1_19' title="bbox 113 2397 1129 2481; baseline 0.002 -17"><span class='ocrx_word' id='word_1_116' title='bbox 113 2399 165 2464; x_wconf 78' lang='lat' dir='ltr'>Ex</span> <span class='ocrx_word' id='word_1_117' title='bbox 187 2399 277 2464; x_wconf 89' lang='lat' dir='ltr'>hisce</span> <span class='ocrx_word' id='word_1_118' title='bbox 298 2399 394 2464; x_wconf 90' lang='lat' dir='ltr'>rebus</span> <span class='ocrx_word' id='word_1_119' title='bbox 417 2397 564 2462; x_wconf 87' lang='lat' dir='ltr'>omnibus</span> <span class='ocrx_word' id='word_1_120' title='bbox 586 2403 736 2479; x_wconf 85' lang='lat' dir='ltr'>apparet,</span> <span class='ocrx_word' id='word_1_121' title='bbox 763 2405 889 2462; x_wconf 87' lang='lat' dir='ltr'>tantum</span> <span class='ocrx_word' id='word_1_122' title='bbox 911 2399 999 2481; x_wconf 92' lang='lat' dir='ltr'>apud</span> <span class='ocrx_word' id='word_1_123' title='bbox 1020 2401 1129 2466; x_wconf 90' lang='lat' dir='ltr'>sedem</span> 
     </span>
     <span class='ocr_line' id='line_1_20' title="bbox 26 2494 1130 2589; baseline -0.002 -23"><span class='ocrx_word' id='word_1_124' title='bbox 26 2502 237 2589; x_wconf 84' lang='lat' dir='ltr'>apostolicam</span> <span class='ocrx_word' id='word_1_125' title='bbox 264 2500 404 2564; x_wconf 86' lang='lat' dir='ltr'>valuisse</span> <span class='ocrx_word' id='word_1_126' title='bbox 425 2517 626 2561; x_wconf 90' lang='lat' dir='ltr'>communem</span> <span class='ocrx_word' id='word_1_127' title='bbox 651 2495 741 2558; x_wconf 89' lang='lat' dir='ltr'>illum</span> <span class='ocrx_word' id='word_1_128' title='bbox 765 2494 1026 2562; x_wconf 87' lang='lat' dir='ltr'>Sclavonicarum</span> <span class='ocrx_word' id='word_1_129' title='bbox 1053 2521 1130 2584; x_wconf 85' lang='lat' dir='ltr'>gen-</span> 
     </span>
     <span class='ocr_line' id='line_1_21' title="bbox 25 2596 1130 2690; baseline -0.009 -17"><span class='ocrx_word' id='word_1_130' title='bbox 25 2608 107 2672; x_wconf 90' lang='lat' dir='ltr'>tium</span> <span class='ocrx_word' id='word_1_131' title='bbox 127 2625 289 2672; x_wconf 88' lang='lat' dir='ltr'>rumorem</span> <span class='ocrx_word' id='word_1_132' title='bbox 312 2600 353 2666; x_wconf 91' lang='lat' dir='ltr'>de</span> <span class='ocrx_word' id='word_1_133' title='bbox 374 2599 489 2666; x_wconf 89' lang='lat' dir='ltr'>litteris</span> <span class='ocrx_word' id='word_1_134' title='bbox 512 2620 532 2662; x_wconf 87' lang='lat' dir='ltr'>a</span> <span class='ocrx_word' id='word_1_135' title='bbox 554 2596 589 2665; x_wconf 90' lang='lat' dir='ltr'>S.</span> <span class='ocrx_word' id='word_1_136' title='bbox 605 2596 805 2684; x_wconf 88' lang='lat' dir='ltr'>Hieronymo</span> <span class='ocrx_word' id='word_1_137' title='bbox 826 2597 981 2682; x_wconf 86' lang='lat' dir='ltr'>inventis,</span> <span class='ocrx_word' id='word_1_138' title='bbox 1012 2606 1049 2664; x_wconf 91' lang='lat' dir='ltr'>ut</span> <span class='ocrx_word' id='word_1_139' title='bbox 1069 2623 1130 2690; x_wconf 89' lang='lat' dir='ltr'>pro</span> 
     </span>
     <span class='ocr_line' id='line_1_22' title="bbox 25 2701 1132 2788; baseline -0.004 -14"><span class='ocrx_word' id='word_1_140' title='bbox 25 2734 102 2776; x_wconf 82' lang='lat' dir='ltr'>vero</span> <span class='ocrx_word' id='word_1_141' title='bbox 124 2710 195 2776; x_wconf 89' lang='lat' dir='ltr'>sine</span> <span class='ocrx_word' id='word_1_142' title='bbox 215 2705 282 2772; x_wconf 89' lang='lat' dir='ltr'>ulla</span> <span class='ocrx_word' id='word_1_143' title='bbox 308 2703 508 2770; x_wconf 82' lang='lat' dir='ltr'>dubitatione</span> <span class='ocrx_word' id='word_1_144' title='bbox 536 2724 609 2767; x_wconf 91' lang='lat' dir='ltr'>eum</span> <span class='ocrx_word' id='word_1_145' title='bbox 631 2701 799 2788; x_wconf 89' lang='lat' dir='ltr'>pontifices</span> <span class='ocrx_word' id='word_1_146' title='bbox 828 2702 1018 2787; x_wconf 86' lang='lat' dir='ltr'>acciperent.</span> <span class='ocrx_word' id='word_1_147' title='bbox 1063 2702 1132 2770; x_wconf 89' lang='lat' dir='ltr'>Ne-</span> 
     </span>
     <span class='ocr_line' id='line_1_23' title="bbox 25 2804 1130 2898; baseline -0.005 -18"><span class='ocrx_word' id='word_1_148' title='bbox 25 2837 87 2898; x_wconf 86' lang='lat' dir='ltr'>que</span> <span class='ocrx_word' id='word_1_149' title='bbox 103 2836 181 2878; x_wconf 86' lang='lat' dir='ltr'>vero</span> <span class='ocrx_word' id='word_1_150' title='bbox 195 2808 385 2876; x_wconf 81' lang='lat' dir='ltr'>Innocentio</span> <span class='ocrx_word' id='word_1_151' title='bbox 399 2805 460 2872; x_wconf 91' lang='lat' dir='ltr'>IV.</span> <span class='ocrx_word' id='word_1_152' title='bbox 476 2805 612 2872; x_wconf 88' lang='lat' dir='ltr'>illusisse</span> <span class='ocrx_word' id='word_1_153' title='bbox 630 2806 817 2893; x_wconf 89' lang='lat' dir='ltr'>episcopum</span> <span class='ocrx_word' id='word_1_154' title='bbox 833 2804 1019 2874; x_wconf 88' lang='lat' dir='ltr'>Seuiensem</span> <span class='ocrx_word' id='word_1_155' title='bbox 1036 2830 1130 2892; x_wconf 91' lang='lat' dir='ltr'>quem</span> 
     </span>
     <span class='ocr_line' id='line_1_24' title="bbox 25 2911 551 2992; baseline -0.011 -12"><span class='ocrx_word' id='word_1_156' title='bbox 25 2916 228 2984; x_wconf 86' lang='lat' dir='ltr'>laudavimus</span> <span class='ocrx_word' id='word_1_157' title='bbox 250 2911 401 2978; x_wconf 89' lang='lat' dir='ltr'>credibile</span> <span class='ocrx_word' id='word_1_158' title='bbox 423 2912 473 2978; x_wconf 86' lang='lat' dir='ltr'>est</span> <span class='ocrx_word' id='word_1_159' title='bbox 485 2911 551 2992; x_wconf 64' lang='grc'>188).</span> 
     </span>
    </p>

    <p class='ocr_par' dir='ltr' id='par_1_4' title="bbox 23 3008 1134 3407">
     <span class='ocr_line' id='line_1_25' title="bbox 116 3008 1132 3100; baseline -0.009 -15"><span class='ocrx_word' id='word_1_160' title='bbox 116 3022 146 3086; x_wconf 86' lang='grc'>5.</span> <span class='ocrx_word' id='word_1_161' title='bbox 186 3015 253 3082; x_wconf 86' lang='lat' dir='ltr'>Sed</span> <span class='ocrx_word' id='word_1_162' title='bbox 275 3015 379 3100; x_wconf 86' lang='lat' dir='ltr'>magis</span> <span class='ocrx_word' id='word_1_163' title='bbox 401 3015 498 3078; x_wconf 88' lang='lat' dir='ltr'>etiam</span> <span class='ocrx_word' id='word_1_164' title='bbox 520 3021 665 3100; x_wconf 85' lang='lat' dir='ltr'>pugnant</span> <span class='ocrx_word' id='word_1_165' title='bbox 686 3031 753 3096; x_wconf 71' lang='lat' dir='ltr'>pro.</span> <span class='ocrx_word' id='word_1_166' title='bbox 765 3009 799 3078; x_wconf 87' lang='lat' dir='ltr'>S.</span> <span class='ocrx_word' id='word_1_167' title='bbox 822 3008 1023 3095; x_wconf 83' lang='lat' dir='ltr'>Hieronymo</span> <span class='ocrx_word' id='word_1_168' title='bbox 1050 3031 1132 3094; x_wconf 89' lang='lat' dir='ltr'>quae</span> 
     </span>
     <span class='ocr_line' id='line_1_26' title="bbox 25 3111 1132 3208; baseline -0.005 -22"><span class='ocrx_word' id='word_1_169' title='bbox 25 3120 117 3208; x_wconf 89' lang='lat' dir='ltr'>apud</span> <span class='ocrx_word' id='word_1_170' title='bbox 145 3117 308 3200; x_wconf 85' lang='lat' dir='ltr'>Angelum</span> <span class='ocrx_word' id='word_1_171' title='bbox 335 3115 447 3180; x_wconf 87' lang='lat' dir='ltr'>Recca</span> <span class='ocrx_word' id='word_1_172' title='bbox 474 3113 609 3202; x_wconf 85' lang='lat' dir='ltr'>legimus</span> <span class='ocrx_word' id='word_1_173' title='bbox 626 3116 699 3194; x_wconf 80' lang='lat'><strong>⁴⁸⁴):</strong></span> <span class='ocrx_word' id='word_1_174' title='bbox 742 3111 874 3195; x_wconf 88' lang='lat' dir='ltr'>„Tertia</span> <span class='ocrx_word' id='word_1_175' title='bbox 903 3111 1045 3178; x_wconf 90' lang='lat' dir='ltr'>eiusdem</span> <span class='ocrx_word' id='word_1_176' title='bbox 1073 3137 1132 3200; x_wconf 88' lang='lat' dir='ltr'>pa-</span> 
     </span>
     <span class='ocr_line' id='line_1_27' title="bbox 23 3214 1134 3306; baseline -0.005 -18"><span class='ocrx_word' id='word_1_177' title='bbox 23 3217 204 3290; x_wconf 86' lang='lat' dir='ltr'>rastaticae</span> <span class='ocrx_word' id='word_1_178' title='bbox 226 3217 391 3282; x_wconf 88' lang='lat' dir='ltr'>columnae</span> <span class='ocrx_word' id='word_1_179' title='bbox 418 3216 504 3302; x_wconf 80' lang='lat' dir='ltr'>(scil.</span> <span class='ocrx_word' id='word_1_180' title='bbox 527 3218 560 3281; x_wconf 94' lang='lat' dir='ltr'>in</span> <span class='ocrx_word' id='word_1_181' title='bbox 582 3216 761 3299; x_wconf 79' lang='lat' dir='ltr'>Vaticano)</span> <span class='ocrx_word' id='word_1_182' title='bbox 792 3215 891 3282; x_wconf 87' lang='lat' dir='ltr'>facies</span> <span class='ocrx_word' id='word_1_183' title='bbox 914 3214 949 3284; x_wconf 89' lang='lat' dir='ltr'>S.</span> <span class='ocrx_word' id='word_1_184' title='bbox 971 3216 1134 3306; x_wconf 88' lang='lat' dir='ltr'>Hierony-</span> 
     </span>
     <span class='ocr_line' id='line_1_28' title="bbox 25 3315 1133 3407; baseline -0.005 -15"><span class='ocrx_word' id='word_1_185' title='bbox 25 3347 115 3392; x_wconf 90' lang='lat' dir='ltr'>mum</span> <span class='ocrx_word' id='word_1_186' title='bbox 132 3315 374 3390; x_wconf 84' lang='lat' dir='ltr'>Stridouensem</span> <span class='ocrx_word' id='word_1_187' title='bbox 449 3320 691 3405; x_wconf 84' lang='lat' dir='ltr'>litterarumque</span> <span class='ocrx_word' id='word_1_188' title='bbox 712 3319 914 3407; x_wconf 82' lang='lat' dir='ltr'>Illyricarum</span> <span class='ocrx_word' id='word_1_189' title='bbox 935 3320 1133 3394; x_wconf 87' lang='lat' dir='ltr'>inventorem</span> 
     </span>
    </p>
   </div>
   <div class='ocr_carea' id='block_1_3' title="bbox 26 3453 228 3470">
    <p class='ocr_par' dir='ltr' id='par_1_5' title="bbox 26 3453 228 3470">
     <span class='ocr_line' id='line_1_29' title="bbox 26 3453 228 3470; baseline -0.01 0"><span class='ocrx_word' id='word_1_190' title='bbox 26 3453 228 3470; x_wconf 62' lang='grc' dir='ltr'>.-.-ι-ν·-·““““</span> 
     </span>
    </p>
   </div>
   <div class='ocr_carea' id='block_1_4' title="bbox 26 3511 1134 3836">
    <p class='ocr_par' dir='ltr' id='par_1_6' title="bbox 26 3511 1134 3836">
     <span class='ocr_line' id='line_1_30' title="bbox 26 3511 1133 3579; baseline -0.004 -7"><span class='ocrx_word' id='word_1_191' title='bbox 26 3521 169 3578; x_wconf 80' lang='lat' dir='ltr'>Ecclesiae,</span> <span class='ocrx_word' id='word_1_192' title='bbox 187 3518 247 3566; x_wconf 84' lang='lat' dir='ltr'>data</span> <span class='ocrx_word' id='word_1_193' title='bbox 266 3513 306 3564; x_wconf 88' lang='grc'>18.</span> <span class='ocrx_word' id='word_1_194' title='bbox 325 3516 556 3568; x_wconf 53' lang='lat' dir='ltr'>Ka1.11u.1ndict</span> <span class='ocrx_word' id='word_1_195' title='bbox 575 3517 633 3566; x_wconf 90' lang='lat' dir='ltr'><strong>XII.</strong></span> <span class='ocrx_word' id='word_1_196' title='bbox 652 3532 710 3566; x_wconf 88' lang='lat' dir='ltr'>ann.</span> <span class='ocrx_word' id='word_1_197' title='bbox 729 3514 790 3565; x_wconf 82' lang='grc'><strong>879.</strong></span> <span class='ocrx_word' id='word_1_198' title='bbox 810 3511 867 3574; x_wconf 79' lang='lat' dir='ltr'>(cfr.</span> <span class='ocrx_word' id='word_1_199' title='bbox 886 3516 967 3579; x_wconf 83' lang='lat' dir='ltr'>Epist.</span> <span class='ocrx_word' id='word_1_200' title='bbox 985 3517 1133 3568; x_wconf 86' lang='lat' dir='ltr'>Decretales</span> 
     </span>
     <span class='ocr_line' id='line_1_31' title="bbox 27 3599 1133 3674; baseline -0.001 -18"><span class='ocrx_word' id='word_1_201' title='bbox 27 3607 193 3656; x_wconf 86' lang='lat' dir='ltr'>Summorum</span> <span class='ocrx_word' id='word_1_202' title='bbox 204 3601 363 3652; x_wconf 86' lang='lat' dir='ltr'>Pontificum.</span> <span class='ocrx_word' id='word_1_203' title='bbox 376 3611 437 3652; x_wconf 87' lang='lat' dir='ltr'>tom.</span> <span class='ocrx_word' id='word_1_204' title='bbox 446 3603 491 3652; x_wconf 87' lang='grc' dir='ltr'><strong>ΙΙΙ.</strong></span> <span class='ocrx_word' id='word_1_205' title='bbox 514 3603 611 3651; x_wconf 84' lang='lat' dir='ltr'>Romae</span> <span class='ocrx_word' id='word_1_206' title='bbox 626 3599 701 3649; x_wconf 83' lang='grc'><strong>1591.</strong></span> <span class='ocrx_word' id='word_1_207' title='bbox 721 3601 765 3650; x_wconf 84' lang='lat' dir='ltr'>fol.</span> <span class='ocrx_word' id='word_1_208' title='bbox 788 3616 846 3665; x_wconf 88' lang='lat' dir='ltr'>pag.</span> <span class='ocrx_word' id='word_1_209' title='bbox 859 3599 920 3652; x_wconf 88' lang='grc'><strong>429.</strong></span> <span class='ocrx_word' id='word_1_210' title='bbox 934 3618 1002 3674; x_wconf 83' lang='lat' dir='ltr'>uum.</span> <span class='ocrx_word' id='word_1_211' title='bbox 1017 3599 1133 3664; x_wconf 82' lang='lat' dir='ltr'>CXCV.)</span> 
     </span>
     <span class='ocr_line' id='line_1_32' title="bbox 28 3685 1134 3751; baseline -0.004 -11"><span class='ocrx_word' id='word_1_212' title='bbox 28 3693 62 3742; x_wconf 87' lang='lat' dir='ltr'>Et</span> <span class='ocrx_word' id='word_1_213' title='bbox 86 3691 200 3740; x_wconf 85' lang='lat' dir='ltr'>eiusdem</span> <span class='ocrx_word' id='word_1_214' title='bbox 223 3688 321 3751; x_wconf 88' lang='lat' dir='ltr'>epistol.</span> <span class='ocrx_word' id='word_1_215' title='bbox 346 3689 378 3736; x_wconf 89' lang='lat' dir='ltr'>ad</span> <span class='ocrx_word' id='word_1_216' title='bbox 397 3685 621 3750; x_wconf 74' lang='lat' dir='ltr'>sfentopulchrum</span> <span class='ocrx_word' id='word_1_217' title='bbox 638 3687 770 3747; x_wconf 87' lang='lat' dir='ltr'>comitem,</span> <span class='ocrx_word' id='word_1_218' title='bbox 794 3687 853 3736; x_wconf 82' lang='lat' dir='ltr'>date</span> <span class='ocrx_word' id='word_1_219' title='bbox 869 3687 905 3736; x_wconf 87' lang='grc' dir='ltr'>Μ.</span> <span class='ocrx_word' id='word_1_220' title='bbox 923 3689 978 3738; x_wconf 90' lang='lat' dir='ltr'>Iun.</span> <span class='ocrx_word' id='word_1_221' title='bbox 994 3690 1134 3739; x_wconf 84' lang='lat' dir='ltr'>indictione</span> 
     </span>
     <span class='ocr_line' id='line_1_33' title="bbox 28 3769 1134 3836; baseline -0.005 -14"><span class='ocrx_word' id='word_1_222' title='bbox 28 3778 100 3826; x_wconf 83' lang='lat' dir='ltr'><strong>XIII.</strong></span> <span class='ocrx_word' id='word_1_223' title='bbox 118 3791 177 3826; x_wconf 84' lang='lat' dir='ltr'>ann.</span> <span class='ocrx_word' id='word_1_224' title='bbox 197 3771 259 3822; x_wconf 88' lang='grc'><strong>880.</strong></span> <span class='ocrx_word' id='word_1_225' title='bbox 296 3769 358 3830; x_wconf 78' lang='lat' dir='ltr'>(cfr.</span> <span class='ocrx_word' id='word_1_226' title='bbox 377 3772 458 3833; x_wconf 80' lang='lat' dir='ltr'>Epist.</span> <span class='ocrx_word' id='word_1_227' title='bbox 476 3771 625 3820; x_wconf 85' lang='lat' dir='ltr'>Decretales</span> <span class='ocrx_word' id='word_1_228' title='bbox 648 3779 708 3819; x_wconf 89' lang='lat' dir='ltr'>tom.</span> <span class='ocrx_word' id='word_1_229' title='bbox 726 3773 776 3833; x_wconf 90' lang='lat' dir='ltr'><strong>III,</strong></span> <span class='ocrx_word' id='word_1_230' title='bbox 803 3788 861 3836; x_wconf 79' lang='lat' dir='ltr'>pag.</span> <span class='ocrx_word' id='word_1_231' title='bbox 879 3771 1038 3824; x_wconf 80' lang='grc'><strong>469-471,</strong></span> <span class='ocrx_word' id='word_1_232' title='bbox 1066 3787 1134 3820; x_wconf 83' lang='lat' dir='ltr'>num.</span> 
     </span>
    </p>
   </div>
   <div class='ocr_carea' id='block_1_5' title="bbox 30 3857 196 3920">
    <p class='ocr_par' dir='ltr' id='par_1_7' title="bbox 30 3857 196 3920">
     <span class='ocr_line' id='line_1_34' title="bbox 30 3857 196 3920; baseline 0.006 -9"><span class='ocrx_word' id='word_1_233' title='bbox 30 3857 196 3920; x_wconf 81' lang='lat' dir='ltr'>ccxuvn.)</span> 
     </span>
    </p>
   </div>
   <div class='ocr_carea' id='block_1_6' title="bbox 31 3939 1137 4350">
    <p class='ocr_par' dir='ltr' id='par_1_8' title="bbox 102 3939 581 4007">
     <span class='ocr_line' id='line_1_35' title="bbox 102 3939 581 4007; baseline -0.015 -10"><span class='ocrx_word' id='word_1_234' title='bbox 102 3944 170 4007; x_wconf 82' lang='grc'><strong>482)</strong></span> <span class='ocrx_word' id='word_1_235' title='bbox 190 3946 207 3994; x_wconf 93' lang='lat' dir='ltr'>l.</span> <span class='ocrx_word' id='word_1_236' title='bbox 221 3959 243 3992; x_wconf 91' lang='lat' dir='ltr'>c.</span> <span class='ocrx_word' id='word_1_237' title='bbox 262 3951 324 3992; x_wconf 88' lang='lat' dir='ltr'>tom.</span> <span class='ocrx_word' id='word_1_238' title='bbox 336 3941 382 4002; x_wconf 89' lang='lat' dir='ltr'>IV,</span> <span class='ocrx_word' id='word_1_239' title='bbox 399 3957 457 4005; x_wconf 80' lang='lat' dir='ltr'>pag.</span> <span class='ocrx_word' id='word_1_240' title='bbox 470 3939 530 3990; x_wconf 89' lang='grc'><strong>418.</strong></span> <span class='ocrx_word' id='word_1_241' title='bbox 544 3956 581 4003; x_wconf 89' lang='lat' dir='ltr'>sq.</span> 
     </span>
    </p>

    <p class='ocr_par' dir='ltr' id='par_1_9' title="bbox 101 4027 554 4092">
     <span class='ocr_line' id='line_1_36' title="bbox 101 4027 554 4092; baseline -0.015 -9"><span class='ocrx_word' id='word_1_242' title='bbox 101 4028 172 4092; x_wconf 84' lang='grc'><strong>489)</strong></span> <span class='ocrx_word' id='word_1_243' title='bbox 192 4030 238 4082; x_wconf 83' lang='lat' dir='ltr'>cfr.</span> <span class='ocrx_word' id='word_1_244' title='bbox 257 4029 351 4092; x_wconf 87' lang='lat' dir='ltr'>Haupt.</span> <span class='ocrx_word' id='word_1_245' title='bbox 370 4027 387 4076; x_wconf 90' lang='lat' dir='ltr'>l.</span> <span class='ocrx_word' id='word_1_246' title='bbox 400 4041 422 4078; x_wconf 88' lang='lat' dir='ltr'>c.</span> <span class='ocrx_word' id='word_1_247' title='bbox 440 4043 499 4092; x_wconf 81' lang='lat' dir='ltr'>pag.</span> <span class='ocrx_word' id='word_1_248' title='bbox 514 4027 554 4076; x_wconf 93' lang='grc'>11.</span> 
     </span>
    </p>

    <p class='ocr_par' dir='ltr' id='par_1_10' title="bbox 31 4109 1137 4350">
     <span class='ocr_line' id='line_1_37' title="bbox 102 4109 1137 4178; baseline -0.009 -10"><span class='ocrx_word' id='word_1_249' title='bbox 102 4114 173 4178; x_wconf 73' lang='lat' dir='ltr'>tet)</span> <span class='ocrx_word' id='word_1_250' title='bbox 191 4117 219 4164; x_wconf 84' lang='lat' dir='ltr'>E.</span> <span class='ocrx_word' id='word_1_251' title='bbox 238 4111 332 4178; x_wconf 77' lang='lat' dir='ltr'>Angeli</span> <span class='ocrx_word' id='word_1_252' title='bbox 349 4113 448 4175; x_wconf 78' lang='lat' dir='ltr'>Eccos,</span> <span class='ocrx_word' id='word_1_253' title='bbox 468 4113 605 4174; x_wconf 71' lang='lat' dir='ltr'>Gamerae,</span> <span class='ocrx_word' id='word_1_254' title='bbox 625 4111 728 4164; x_wconf 89' lang='lat' dir='ltr'>Ordinis</span> <span class='ocrx_word' id='word_1_255' title='bbox 747 4111 773 4163; x_wconf 86' lang='lat' dir='ltr'>S.</span> <span class='ocrx_word' id='word_1_256' title='bbox 792 4112 937 4176; x_wconf 77' lang='lat' dir='ltr'>Augustini,</span> <span class='ocrx_word' id='word_1_257' title='bbox 955 4109 1072 4172; x_wconf 81' lang='lat' dir='ltr'>Apostol.</span> <span class='ocrx_word' id='word_1_258' title='bbox 1091 4109 1137 4160; x_wconf 85' lang='lat' dir='ltr'>Sa·</span> 
     </span>
     <span class='ocr_line' id='line_1_38' title="bbox 31 4193 1137 4264; baseline -0.005 -12"><span class='ocrx_word' id='word_1_259' title='bbox 31 4205 105 4252; x_wconf 85' lang='lat' dir='ltr'>orarii</span> <span class='ocrx_word' id='word_1_260' title='bbox 123 4201 258 4262; x_wconf 78' lang='lat' dir='ltr'>Praefecti,</span> <span class='ocrx_word' id='word_1_261' title='bbox 277 4215 307 4251; x_wconf 87' lang='lat' dir='ltr'>ae</span> <span class='ocrx_word' id='word_1_262' title='bbox 323 4201 445 4264; x_wconf 74' lang='lat' dir='ltr'>Episcopi</span> <span class='ocrx_word' id='word_1_263' title='bbox 461 4199 599 4263; x_wconf 73' lang='lat' dir='ltr'>Tagastem</span> <span class='ocrx_word' id='word_1_264' title='bbox 618 4197 705 4261; x_wconf 84' lang='lat' dir='ltr'>Opera</span> <span class='ocrx_word' id='word_1_265' title='bbox 722 4200 808 4251; x_wconf 89' lang='lat' dir='ltr'>omnia</span> <span class='ocrx_word' id='word_1_266' title='bbox 825 4199 916 4248; x_wconf 84' lang='lat' dir='ltr'>edente</span> <span class='ocrx_word' id='word_1_267' title='bbox 929 4193 1037 4260; x_wconf 82' lang='lat' dir='ltr'>Aloysio</span> <span class='ocrx_word' id='word_1_268' title='bbox 1052 4194 1137 4247; x_wconf 81' lang='lat' dir='ltr'>Contt</span> 
     </span>
     <span class='ocr_line' id='line_1_39' title="bbox 31 4282 649 4350; baseline -0.005 -14"><span class='ocrx_word' id='word_1_269' title='bbox 31 4289 105 4337; x_wconf 87' lang='lat' dir='ltr'>Tem.</span> <span class='ocrx_word' id='word_1_270' title='bbox 118 4289 151 4337; x_wconf 86' lang='lat'>11.</span> <span class='ocrx_word' id='word_1_271' title='bbox 182 4285 280 4336; x_wconf 78' lang='lat' dir='ltr'>sonae</span> <span class='ocrx_word' id='word_1_272' title='bbox 299 4286 375 4336; x_wconf 84' lang='grc'><strong>1719.</strong></span> <span class='ocrx_word' id='word_1_273' title='bbox 406 4285 450 4335; x_wconf 80' lang='lat' dir='ltr'>fol.</span> <span class='ocrx_word' id='word_1_274' title='bbox 481 4299 539 4350; x_wconf 76' lang='lat' dir='ltr'>pag.</span> <span class='ocrx_word' id='word_1_275' title='bbox 552 4282 649 4336; x_wconf 66' lang='lat' dir='ltr'>altu.</span> 
     </span>
    </p>
   </div>
   <div class='ocr_carea' id='block_1_7' title="bbox 0 0 1399 5092">
    <p class='ocr_par' dir='ltr' id='par_1_11' title="bbox 0 0 1399 5092">
     <span class='ocr_line' id='line_1_40' title="bbox 0 0 1399 5092; baseline 0 0"><span class='ocrx_word' id='word_1_276' title='bbox 0 0 1399 5092; x_wconf 95' lang='lat' dir='ltr'> </span> 
     </span>
    </p>
   </div>
  </div>
 </body>
</html>
