2780 5092
560 517 619 586 171

49 690 236 776 investigare
258 713 353 774 quum
376 691 430 756 alii
452 687 619 772 multi⁴⁵⁴),
642 696 710 752 tum
734 696 867 754 conatus
889 699 939 758 est
956 712 1051 774 quem
1073 713 1141 755 sae·-

47 794 117 878 pius
145 793 209 856 iam
233 793 430 860 laudavimus
452 791 717 874 Dobrovius⁴⁵⁵).
763 790 830 859 Sed
853 793 905 858 ille
928 792 1073 860 omuibus
1095 795 1142 856 vi·

47 895 131 960 ribus
159 895 195 960 id
223 920 318 962 uuum
346 897 438 962 nobis
467 896 659 980 persuadere
682 894 1040 982 studet,‚alphabetnm
1064 895 1143 962 Gla.

47 998 209 1084 goliticum
237 1001 327 1064 initio
358 1000 476 1065 saeculi
496 999 595 1064 XIII.
625 999 785 1064 recentius
814 1019 883 1064 esse
895 1000 969 1078 461);
998 998 1095 1082 idque
1123 1023 1144 1064 a

47 1101 159 1166 clerieo
186 1101 370 1169 Dalmatiae
399 1101 553 1186 quodam,
594 1125 689 1187 quem
724 1101 921 1168 inventorem
950 1101 1012 1166 sibi
1039 1102 1143 1184 finxit,

45 1202 165 1270 Sancto
194 1203 393 1290 Hieronymo
421 1204 574 1270 tributum
608 1205 706 1272 fuisse
740 1203 808 1268 sine
843 1203 907 1266 ulla
933 1203 1018 1270 iusta
1047 1225 1144 1268 causa

44 1307 253 1390 praedicavit.
299 1304 479 1373 Dicendum
501 1309 623 1393 potius,
650 1306 790 1372 fabulam
819 1305 859 1370 de
888 1305 922 1374 S.
945 1307 1144 1394 Hieronymo

43 1409 225 1474 litterarum
246 1409 411 1474 inventore
433 1433 473 1474 ex
491 1410 561 1494 ipsa
575 1411 708 1476 veritate
723 1409 814 1492 quasi
829 1418 931 1474 matre
946 1420 1042 1494 atque
1056 1411 1144 1476 fonte

45 1520 264 1596 procreatam,
293 1512 416 1598 optimo
440 1512 508 1578 iure
530 1513 616 1600 apud
639 1513 772 1581 Sclavcs
795 1535 852 1598 per
873 1521 924 1580 tot
945 1514 1143 1582 saeculorum

45 1615 131 1680 vices
153 1623 375 1684 conservatam
398 1637 474 1682 esse.
514 1617 628 1702 Neque
650 1640 726 1684 vero
749 1616 844 1682 aliam
866 1618 1055 1684 sententiam
1077 1615 1144 1682 edi-

46 1717 162 1781 derunt
188 1717 228 1782 B.
250 1716 456 1804 Kopitar⁴⁵⁷l
481 1728 610 1786 etcum
630 1722 685 1786 illo
707 1720 757 1786 M.
780 1721 893 1808 Haupt
904 1725 969 1806 411).
1017 1719 1145 1804 Quodsi

45 1818 134 1883 euim
158 1828 364 1900 ,memoratus
387 1821 428 1885 ab
443 1821 598 1886 Hrabano
619 1821 787 1904 presbyter
800 1823 1016 1909 Hieronymus
1033 1846 1144 1890 ansam

14 1972 19 1999 ,
48 1919 140 1984 dedit
155 1921 311 2006 alphabeti
322 1923 566 2008 §.Hieronymo
580 1919 760 1986 tribuendi“
771 1945 779 1983 :
791 1924 944 2003 quoniam
955 1925 1007 1988 ille
1021 1926 1145 1988 litteras

45 2047 85 2088 ex
99 2021 352 2112 cosmographia
368 2025 479 2092 Ethici
502 2023 724 2110 desumpserit,
746 2043 850 2088 nonne
871 2023 956 2090 idem
977 2033 1036 2106 est,
1059 2045 1097 2089 ac
1119 2026 1145 2088 si

46 2151 83 2191 ex
99 2128 246 2193 manibus
257 2129 334 2215 ipsis
345 2129 536 2216 Hieronymi
547 2126 731 2215 Glagolitae
747 2126 901 2193 elementa
915 2125 1132 2216 accepissent?

131 2232 289 2296 Attamen
311 2255 375 2296 non
397 2227 500 2315 video,
526 2255 584 2298 cur
603 2242 670 2296 tam
693 2231 822 2316 obliqua
842 2232 897 2306 ,via
919 2241 952 2298 et
975 2231 1067 2317 quasi
1089 2254 1146 2318 per

47 2335 197 2422 ambages
226 2342 403 2400 statuamus
425 2335 601 2398 innotuisse
622 2333 772 2424 gentihus
795 2333 993 2401 sclavonicis
1015 2337 1070 2421 qui
1093 2359 1146 2401 ve-

46 2461 96 2504 ms
122 2439 303 2504 litterarum
334 2444 446 2500 auctor
472 2435 578 2497 fuerit.
636 2433 711 2512 Qua
740 2433 823 2495 enim
852 2435 922 2518 lege
950 2437 1085 2500 dicimus
1114 2446 1147 2500 et

47 2541 160 2626 quibus
189 2537 386 2626 argumentis
415 2535 602 2616 innitentes,
632 2531 813 2620 Glagolitas
841 2534 901 2598 etsi
927 2533 1022 2600 rudes
1052 2543 1147 2618 atque

45 2643 217 2728 barbarOS,
250 2651 360 2706 tamen
387 2637 533 2704 Hrabani
563 2635 672 2702 Mauri
701 2635 887 2724 Moguntini
916 2635 1149 2724 archiepiscopi

46 2747 209 2812 volumina
236 2753 408 2808 tractasse:
443 2741 628 2828 praesertim
658 2759 755 2826 quum
783 2740 949 2806 obscurior
977 2741 1029 2808 ille
1056 2741 1147 2807 locus

47 2849 84 2914 de
108 2873 175 2936 quo
199 2846 305 2934 agitur
328 2846 370 2912 ad
383 2845 572 2932 Kopitarem
594 2867 694 2930 usque
717 2852 767 2910 tot
787 2845 873 2910 viros
892 2846 1056 2932 praeditos
1071 2845 1147 2911 doc-

47 2955 128 3017 trina
145 2949 286 3038 fugerit?
318 2937 384 3018 Sed
406 2951 531 3015 etiamsi
553 2947 793 3014 concedendum
811 2956 905 3031 esset,
927 2950 1046 3011 famam
1061 2948 1148 3010 illam

46 3055 86 3121 de
117 3055 154 3121 S.
184 3053 382 3136 Hieronymo
413 3049 673 3118 Sclavenicarum
707 3049 885 3118 litterarum
914 3050 1080 3114 inventore
1108 3071 1148 3130 ex

42 3156 182 3221 laudato
210 3152 282 3215 loco
310 3151 456 3216 Hrabani
483 3151 591 3220 Mauri
619 3161 723 3243 ortam
749 3150 868 3235 videri,
894 3161 1002 3218 tamen
1023 3174 1064 3218 ne
1085 3151 1148 3218 hoc

44 3253 181 3343 quidem
210 3255 384 3320 sententiae
412 3265 538 3323 nostrae
565 3259 797 3324 obversaretur.
849 3254 1035 3340 Numquam
1064 3256 1147 3320 enim

44 3358 235 3432 Hrabanus,
258 3381 393 3442 ,ansam
428 3359 568 3428 dedisset
599 3359 762 3450 alphabeti
798 3357 832 3426 S.
861 3359 1061 3454 Hieronymo
1092 3358 1164 3421 tri-¹

46 3461 199 3544 huendi“,
222 3461 251 3526 si
271 3461 396 3528 litterae
418 3486 498 3548 quas
513 3465 645 3536 Aethici
667 3463 726 3532 sub
743 3463 869 3530 nomine
891 3460 1014 3548 profert
1035 3466 1149 3524 natura

47 3574 145 3650 atque
166 3561 272 3629 indole
295 3588 314 3630 a
337 3561 540 3654 Glagoliticis
563 3566 707 3633 diversae
729 3552 871 3634 fuissent.

118 3795 186 3858 454)
206 3795 290 3854 Korn,
312 3795 328 3841 l.
348 3810 369 3842 c.
388 3794 494 3856 praefat.
512 3809 537 3855 p.
552 3791 575 3840 3.
594 3807 652 3855 pag.
668 3793 725 3841 107.
744 3810 801 3859 pag.
817 3796 875 3847 122.
894 3804 946 3846 not.
966 3811 990 3856 p.
1011 3823 1044 3830 —
1062 3792 1149 3840 Frisch

48 3885 115 3946 apud
132 3879 302 3940 notrorum,
322 3877 464 3940 Glagoliu'c.
482 3891 540 3940 pag.
556 3877 596 3925 ¹1.
615 3907 650 3916 -
668 3878 821 3930 Asscmanni
840 3879 949 3938 l.c.1V‚
968 3875 1028 3926 408.

119 3965 187 4028 455)
208 3963 351 4028 Glagolitic.
374 3979 399 4028 p.
418 3961 460 4013 41.
478 3977 504 4026 p.
523 3961 565 4012 86.
591 3995 623 4002 -
646 3964 765 4014 Instituta
790 3965 860 4026 ling..
874 3963 941 4014 Slav.
964 3975 1019 4022 cap.
1038 3961 1058 4009 Ι.
1076 3956 1098 4016 §-
1117 3959 1148 4008 V.

49 4069 107 4118 pag.
119 4053 144 4103 5.
163 4059 190 4104 et
207 4051 315 4115 saepius.
365 4086 367 4094 .

120 4136 188 4199 456)
206 4139 325 4188 Iustitntt.
344 4138 404 4202 ling.
423 4135 489 4188 Slav.
508 4138 525 4188 1.
538 4155 560 4186 c.

120 4221 189 4284 457)
209 4222 307 4284 Glagol.
327 4224 440 4274 Clozian.
459 4237 516 4286 pag.
529 4222 592 4272 XF.

121 4306 189 4369 458)
206 4309 225 4360 1.
238 4321 260 4356 c.
279 4321 335 4369 pag.
351 4307 392 4356 10.
410 4316 475 4370 post.
488 4309 555 4380 med.
