2800 5088
780 471 823 542 60

335 753 375 820 Β.
392 755 458 821 1.ο.
505 750 601 819 cod.
624 748 888 819 Monacensis
913 750 1013 836 Aug.
1036 747 1111 815 Ies.
1137 749 1196 816 tl.
1230 748 1377 848 chartap

248 877 335 940 oeus,
358 857 545 924 anni'l5lll.
568 855 767 944 negligenter
781 855 930 939 scriptus,
951 852 1087 920 infolio.
1120 851 1200 918 Fuit
1211 851 1355 921 conradi
1376 853 1377 918 l

247 961 446 1049 Pentingeri,
467 969 584 1048 postea.
602 959 796 1026 Iesuitarum
816 959 1091 1060 Augustanornm.

336 1099 466 1165 Insunt:
489 1097 542 1164 fol.
563 1098 590 1166 l.
614 1105 712 1163 recto.
735 1093 1088 1161 Pseudo-Aethioi
1108 1091 1354 1183 Cosmogra·

248 1201 361 1288 phia,
389 1201 450 1267 ita:
484 1200 594 1285 „Ino
618 1197 940 1288 Cosmograpbia
967 1198 1152 1264 feliciter
1173 1219 1261 1264 cnm
1285 1199 1352 1264 Iti-

248 1305 423 1371 nerariis
446 1306 528 1371 suis
552 1313 591 1371 et
611 1301 801 1392 portibus
827 1309 867 1368 et
889 1324 936 1367 ex
956 1301 1133 1369 fastibus
1154 1299 1351 1370 Romano-

248 1432 332 1474 rum
350 1405 631 1475 et.Gonsulum
653 1401 881 1473 nominibus
903 1413 942 1470 et
965 1403 1145 1471 diversis
1168 1407 1255 1473 sine
1280 1430 1351 1493 quo
1377 1399 1378 1450 ³

248 1533 360 1576 nemo
382 1511 641 1596 prudentium
663 1532 750 1577 esse
778 1515 925 1598 potest.
969 1505 1184 1576 Lectionum“
1208 1519 1289 1594 etc.;
1317 1551 1348 1562 -

247 1612 450 1682 Itinerarinm
472 1617 640 1684 Antonini.

334 1753 441 1822 Huius
469 1755 591 1822 codicis
619 1752 841 1844 apographum
867 1750 1020 1820 debemus
1037 1750 1234 1819 humanitati
1251 1751 1348 1818 Pauli
1379 1830 1380 1840 χ

247 1855 353 1943 Roth,
379 1858 558 1928 Professor.
580 1857 834 1946 Marburgensis.
881 1853 948 1939 Qui
976 1855 1105 1942 quidem
1125 1854 1225 1939 liber,
1255 1878 1349 1941 quum

247 1984 351 2048 neque
371 1963 551 2032 Plorantini
576 1985 681 2049 neque
703 1960 825 2030 codicis
846 1959 1013 2027 Remensis
1035 1957 1261 2048 apographum
1283 1984 1347 2028 esse
1379 1969 1380 2022 t

246 2067 366 2151 possit:
389 2068 455 2134 iam
476 2067 620 2152 sequitur
639 2088 680 2132 ex
694 2065 783 2130 fonte
797 2071 908 2129 natum
922 2062 1020 2132 baisse
1033 2063 1208 2130 Parisiensi
1228 2065 1347 2134 codice.

246 2167 426 2236 Florentini
447 2169 532 2236 enim
552 2168 626 2234 libri
647 2165 869 2255 apographum
889 2189 955 2236 non
977 2175 1026 2235 est
1047 2165 1088 2234 ob
1108 2166 1259 2254 titulum,
1288 2170 1348 2236 Re-

246 2270 364 2337 mensis
385 2293 462 2338 vero
484 2294 556 2338 eam
577 2277 744 2358 praeterea
765 2270 807 2338 ob
825 2292 966 2356 causam,
988 2273 1064 2358 quia
1080 2271 1174 2359 plane
1188 2274 1348 2340 omittitm

245 2371 445 2461 Pomponius
466 2373 566 2442 Mela.
606 2371 750 2462 ‚Optime
771 2383 878 2440 antem
901 2377 1060 2443 consentit
1081 2399 1154 2442 cum
1172 2376 1350 2446 Parisiensi

246 2476 370 2564 codice,
392 2478 444 2548 oui
466 2481 563 2549 etiam
584 2477 647 2548 hac
667 2479 702 2546 in
723 2503 758 2546 re
781 2479 953 2548 conformis
967 2489 1027 2564 eet,
1050 2480 1138 2565 quod
1152 2477 1349 2570 Cosmogrn·

245 2580 357 2668 phiam
378 2585 483 2654 solum
504 2606 579 2652 cum
599 2582 948 2654 ItinerariovAntonini
970 2582 1109 2652 exhibet.

768 2829 831 2897 III

559 2964 691 3007 CODICES
715 2964 846 3008 ORDINIS
868 2965 976 3008 altam
998 2965 1033 3010 11.

332 3095 374 3160 Β.
390 3097 418 3164 1.
435 3094 465 3164 b.
480 3098 509 3166 1.
555 3097 650 3166 Cod.
674 3099 901 3168 Vaticanus
924 3099 1235 3169 Ottobonianus
1262 3103 1343 3172 643.

245 3217 328 3264 saec.
343 3197 422 3267 XV.
445 3201 665 3272 mbranaceus.
1020 3232 1026 3281 χ

331 3320 463 3389 Insuntz
490 3323 667 3406 Eusebium
691 3365 734 3374 -
756 3325 991 3418 Hieronymum
1015 3367 1057 3378 -
1078 3327 1346 3397 Pseudo-Ae-

244 3423 346 3492 thioi
364 3424 707 3516 Cosmograpbia‚
729 3453 812 3518 quae
822 3433 952 3522 incipit:
974 3430 1152 3499 INCIPIT
1168 3429 1346 3500 005Μο-

245 3526 460 3603 GRAPHIA
481 3530 585 3599 CVM
603 3531 891 3608 ITINERARIIS
907 3535 1020 3607 SVIS.
1055 3534 1271 3620 „Lectionum
1286 3545 1347 3603 eto.

245 3683 320 3701 .....
362 3635 435 3702 Hae
457 3636 594 3704 suntab
616 3637 817 3729 Helesponto
838 3663 940 3728 usque
962 3638 1005 3705 ad
1026 3637 1194 3706 Oceanum
1216 3663 1278 3726 per
1298 3649 1348 3706 to

243 3749 313 3808 tum
327 3763 479 3830 magnum
494 3741 628 3830 pelagus
642 3745 784 3813 famosae
800 3794 808 3811 .
824 3768 907 3830 quae
925 3751 958 3810 et
973 3741 1061 3808 cultu
1076 3751 1109 3810 et
1123 3744 1349 3833 magnitudine

243 3845 384 3913 celebres
406 3844 595 3913 habentur“.
638 3847 873 3916 EXPLICIT.

330 3965 437 4033 Huius
458 3947 532 4034 libri
553 3977 677 4056 partem
700 3975 846 4034 nostrum
867 3966 901 4031 in
922 3989 1016 4033 usum
1037 3968 1199 4055 excerpsit
1215 3967 1347 4034 Irudov.

242 4063 433 4137 Bethmann.
469 4071 526 4138 Ad
542 4073 674 4140 verbum
689 4072 756 4137 fere
770 4070 930 4135 consentit
944 4093 1017 4135 oum
1031 4073 1179 4160 proxime
1199 4072 1348 4157 sequenti

242 4165 340 4250 libro,
367 4170 415 4236 ita
441 4182 479 4240 ut
508 4177 643 4244 alterum
673 4197 713 4241 ex
741 4172 841 4242 altero
871 4174 1067 4260 exscriptum
1095 4197 1164 4244 esse
1186 4177 1347 4244 neminem
