2784 5106
465 527 632 624 ,ιι

50 701 133 766 Iulii
155 699 293 765 Honorii
316 698 463 766 Oratoris
486 695 775 788 cosmographiam
797 699 844 765 ita
866 700 1100 783 immutaverat,
1127 708 1163 763 ut

50 825 179 868 novum
202 805 292 886 quasi
316 824 396 888 opus
419 795 563 868 extitisse
584 797 756 868 videretur.

148 903 218 970 Iam
240 929 318 972 vero
341 927 435 991 quem
457 913 525 970 tam
548 899 680 971 caecum
704 927 773 972 esse
794 914 900 993 putes,
926 913 1045 970 utnon
1067 907 1164 991 plane

50 1007 175 1074 videat·
188 1029 228 1074 ox
250 1009 313 1074 hoc
325 1008 543 1075 Casanatense
564 1009 646 1074 libro
661 1009 768 1093 tertia,
791 1008 945 1094 adquam
964 1015 1162 1074 nunctraos-

50 1110 151 1194 imus,
175 1105 336 1198 quomodo
359 1121 471 1181 exorta
492 1113 535 1180 sit
555 1113 722 1180 recensio?

515 1410 713 1418 *ιι-σι..-

440 1691 661 1811 CAPVT
697 1691 785 1812 lV.

138 1896 202 1964 on
231 1897 435 1964 rxnrmn
466 1897 780 1970 nnonnsronrs
809 1899 989 1968 mnonn
1019 1898 1104 1964 nr.
1165 1869 1169 1880 ’

189 2019 199 2038 1
464 2002 621 2072 nisius
650 2003 752 2074 uss

565 2182 594 2264 §-
618 2179 649 2249 a

301 2325 348 2376 DE
366 2324 518 2381 unomen
536 2325 762 2378 RECENSIONIS
778 2326 918 2378 INDOLE.

145 2455 202 2520 Ad
224 2456 398 2520 secundam
421 2459 520 2542 igitur
535 2452 809 2540 Cosmographiae
829 2457 1046 2520 recensionem
1073 2457 1162 2520 codi-

51 2581 109 2624 ces
123 2557 288 2641 pertinent
300 2577 380 2639 quos
395 2554 560 2640 hucusque
578 2555 895 2620 commemoravimus
908 2576 1041 2620 numero
1056 2556 1160 2634 x111;

51 2659 172 2745 reliqui
201 2667 308 2724 autem
331 2657 463 2724 XLIX.
494 2683 629 2746 qnorum
656 2666 781 2748 partem
809 2665 935 2724 tantum
964 2658 1162 2724 accuratiore

52 2763 197 2849 quadam
218 2762 335 2827 notitia
356 2764 495 2848 amplexi
518 2787 643 2848 sumus,
666 2784 776 2828 omnes
798 2763 925 2827 tertiam
948 2784 1044 2848 quam
1066 2784 1162 2828 voca·

53 2891 126 2933 mus
154 2867 371 2934 recensionem
399 2867 565 2934 exhibent:
596 2867 680 2932 hano
708 2887 785 2932 vero
813 2865 946 2930 eandem
973 2889 1161 2950 essequam

55 2969 195 3039 Simlero
224 2970 305 3037 duce
334 2969 609 3059 Oormographiae
640 2969 779 3035 editores
808 2967 895 3054 typis
923 2967 1162 3054 exprimendam

55 3081 250 3140 curaverunt
272 3095 369 3159 supra
391 3075 538 3141 diximus.
587 3072 653 3143 Sed
680 3081 718 3138 ut
739 3069 852 3136 melius
873 3070 1070 3157 intelligatur
1092 3069 1161 3153 qui·
1245 3075 1248 3080 '

54 3177 117 3242 bus
145 3175 346 3262 potissimum
374 3177 469 3242 rebus
497 3179 593 3244 tertia
620 3201 639 3242 a
667 3174 808 3241 sccrmda
833 3176 1018 3240 recensione
1041 3173 1161 3238 discre-

54 3301 138 3364 pare
164 3276 327 3360 videatur,
354 3276 416 3343 hoo
439 3279 511 3346 loco
532 3303 637 3367 panca
658 3280 752 3345 nobis
775 3277 815 3344 de
838 3286 952 3343 natum
974 3279 1042 3343 eius
1064 3286 1161 3361 atque

55 3379 166 3447 indole
188 3379 326 3445 dicenda
347 3365 429 3446 sunt.
1142 3463 1144 3468 Ι
1171 3445 1172 3448 ,

144 3485 192 3550 Et
219 3484 358 3570 primum
387 3484 516 3570 quidem
545 3489 693 3574 vulgatae
722 3487 917 3556 recensionis
948 3484 1023 3551 libri
1051 3505 1161 3548 manu-

58 3589 184 3675 scripti,
215 3586 466 3655 Oasanatensem
494 3587 637 3653 codicem
659 3593 709 3656 vel
732 3594 799 3659 eius
821 3591 928 3678 potius
951 3589 1160 3675 archetypum

58 3693 202 3776 sequuti,
227 3713 292 3757 non
322 3693 424 3758 solum
447 3690 556 3758 Orosii
585 3691 830 3779 descriptionem
859 3693 945 3760 orbis
968 3690 1160 3778 Oosmogra-

58 3794 155 3878 phiec
184 3793 385 3879 adiecerunt,
415 3819 525 3862 verimi
554 3796 651 3860 etiam
677 3795 752 3862 inde
773 3799 879 3863 locum
902 3797 1159 3880 desumpserunt:

62 3896 188 3978 „Iulius
211 3896 333 3964 Caesar
359 3899 532 3966 bissextilis
559 3899 693 3964 rationis
712 3899 887 3966 ‘inventost
919 3909 979 3966 etc.
1032 3895 1160 3962 Deinde

61 4023 152 4085 vero,
180 4023 244 4086 quo
273 4003 393 4068 arctius
418 4013 528 4089 partes
550 4003 655 4088 operis
676 4003 960 4090 coniungerentur,
989 4002 1043 4088 qui
1066 4000 1159 4066 huius

61 4106 252 4172 recensionis
280 4114 393 4172 auctor
421 4107 543 4190 extitit,
572 4104 750 4174 Orosianae
772 4107 1008 4194 Descriptionis
1034 4107 1159 4192 praefa-

62 4206 177 4275 tionem
207 4210 341 4277 adiectis
369 4211 481 4297 paucis
509 4231 570 4275 nec
600 4233 664 4276 non
689 4211 866 4278 immutatis
888 4211 957 4278 aliis
979 4213 1011 4278 in
1032 4212 1158 4278 initium

63 4305 332 4402 Cosmographiae
361 4315 537 4380 transtulit:
568 4313 667 4380 verba
683 4315 818 4383 scilicet
848 4316 1063 4400 „Lectionum
1087 4335 1158 4398 per·
