2780 5092
545 470 605 540 161

44 644 205 714 evolvimus
226 667 289 712 non
311 652 457 712 extantes
465 644 533 728 ³⁸⁸).
568 642 673 710 Hunc.
687 644 787 732 igitur
807 645 933 729 sequuti
951 669 1032 716 num
1046 649 1132 718 diee-

43 771 114 832 mus,
131 772 225 816 voces
246 751 417 833 alamon,
437 748 606 831 becach,
629 745 753 834 cathy
776 756 836 814 etc.
852 747 938 814 idem
953 751 1132 838 significare
1176 735 1179 754 '

43 861 144 936 atquae
162 853 285 936 alacris,
300 853 452 936 sublimis,
467 852 571 935 fortis,
585 850 697 934 titiis,
711 874 857 938 magnus,
874 853 1031 938 gloriosus
1047 857 1131 922 ete?

41 954 83 1020 iin
109 956 336 1028 lucidissimum
366 958 546 1043 exemplum
572 955 744 1037 habemus,
774 975 838 1038 quo
860 956 983 1041 ueliqua
1005 980 1132 1043 quoque

40 1058 206 1126 litterarum
234 1061 364 1126 nomina
392 1058 551 1126 ascribis
580 1059 764 1144 excogitata
792 1080 862 1124 esse
887 1059 1130 1146 persuademur:

40 1162 91 1228 nisi
112 1165 222 1247 potius
238 1163 355 1228 mirum
368 1163 403 1229 in
416 1163 546 1234 modum
561 1162 702 1250 singodas
716 1183 813 1228 voces
827 1161 1019 1248 depravatas
1033 1165 1132 1232 firisse

37 1265 237 1332 statuendum
259 1266 329 1347 erit,
351 1287 449 1348 quum
463 1265 733 1356 ¹Scluvouioorum
754 1287 882 1349 quoque
904 1267 1131 1334 elementorum

35 1368 161 1432 nomina
190 1367 437 1454 significationes
459 1390 533 1436 suas
555 1370 720 1434 retinuisse
742 1367 917 1436 videamus.
964 1370 1002 1438 Si
1024 1380 1132 1440 autem

36 1472 94 1536 tale
109 1469 189 1556 quid
208 1471 389 1553 statuimus,
410 1493 529 1538 novum
552 1493 627 1538 sane
642 1495 704 1538 nec
717 1471 893 1540 invalidum
908 1484 1131 1562 argumentum

37 1573 132 1658 adest,
156 1571 343 1658 quoEthici
364 1574 488 1639 litteras
503 1572 738 1664 aGiagolitiois
760 1575 904 1644 diversas
923 1579 1012 1646 nulio
1033 1578 1130 1647 modo

37 1699 97 1744 esse
120 1674 363 1762 comprobatum
391 1677 518 1744 scilieet
541 1680 618 1763 quia
638 1677 674 1745 id
695 1679 801 1764 ipsum
824 1679 974 1748 ductibus
997 1681 1130 1750 Sclave-

35 1781 112 1843 niois
140 1777 301 1864 proprium
327 1787 492 1844 eteorum
515 1782 607 1862 quasi
630 1790 679 1846 est
701 1786 902 1866 natura³⁸⁹)‚
930 1794 967 1850 ut
989 1787 1130 1854 omnium

15 1925 19 1959 ,
34 1881 148 1964 quibus
161 1879 256 1946 hodie
269 1882 302 1946 in
315 1882 449 1968 Europa
463 1879 608 1946 homines
629 1886 767 1944 utuntur.
784 1882 860 1946 soli
882 1884 1131 1968 significationes

15 1970 179 2069 'pristinas
201 1984 466 2052 conservaverint.

112 2155 174 2222 ΠΙ.
208 2157 303 2223 Haec
325 2165 433 2223 tamen
454 2163 528 2222 uiui
550 2177 584 2222 se
605 2154 736 2239 habent,
759 2157 915 2221 elementa
929 2153 1039 2221 Ethioi
1060 2181 1130 2222 nu·

36 2281 127 2324 mero
151 2285 170 2325 a
194 2260 400 2346 Glagolitiois
423 2260 567 2348 apicibus
590 2281 789 2345 summopere
812 2259 997 2346 discedunt,
1026 2284 1129 2347 neque

36 2363 90 2426 ulla
111 2388 151 2429 ex
173 2389 209 2430 re
231 2347 394 2428 turbatam
408 2361 562 2426 librorum
578 2362 792 2425 conditionem
807 2363 920 2426 melius
936 2385 1130 2448 cognoscere

36 2488 201 2548 possumus.
237 2463 417 2548 Lipsiensis
439 2463 523 2524 enim
546 2460 649 2524 codex
663 2463 706 2526 22
727 2461 850 2523 litteras
877 2461 1021 2540 exhibet3
1045 2466 1130 2530 Hra-

36 2567 124 2638 banus
134 2572 275 2637 Maurus
294 2566 335 2632 23
345 2591 353 2644 3
372 2563 443 2628 cod.
456 2562 660 2650 Harleyanus
677 2563 736 2642 243
753 2559 933 2626 Vossianus
951 2585 1034 2628 saec.
1047 2565 1128 2633 XII.

36 2681 60 2735 et
73 2673 286 2740 Cottonianus
302 2671 362 2746 25;
386 2665 521 2752 denique
533 2663 710 2731 Vossianus
733 2684 816 2728 saec.
832 2663 879 2749 X,
902 2666 935 2730 ni
956 2667 1059 2752 fallor,
1076 2671 1128 2742 32.

35 2774 91 2841 Sed
118 2780 217 2844 etiam
245 2773 353 2860 plures
380 2771 487 2858 apices
510 2767 666 2834 excidisse
688 2777 811 2834 certum
834 2778 899 2854 est,
929 2795 983 2838 eos
1006 2774 1130 2842 scilicet

35 2900 104 2962 quos
125 2879 265 2946 Ethious
287 2877 356 2962 ipse
376 2873 497 2941 invenit
509 2871 565 2956 ³⁹⁰)
590 2881 622 2938 et
644 2873 759 2960 quibus
780 2875 903 2960 proprii
919 2873 1129 2944 Sclavonioae

95 3074 166 3135 388)
185 3075 242 3122 vide
259 3073 384 3121 Tabulam
401 3072 565 3120 adiacentem.

96 3155 167 3218 389)
182 3157 227 3204 cir.
235 3156 318 3204 Fora.
330 3156 451 3204 Durich
463 3155 511 3214 „de
524 3153 750 3206 slavo-Bohemica
763 3154 828 3202 sacri
841 3154 936 3206 codicis
949 3157 1065 3208 versione
1078 3159 1128 3210 dis·

31 3240 158 3295 aertatio“.
194 3241 291 3304 Pragaa
312 3240 386 3290 17⁷7.
405 3233 441 3291 8⁰.
459 3256 516 3306 pag.
532 3240 572 3292 1³.
591 3248 629 3290 et:
648 3238 783 3292 Linhart
800 3239 817 3288 i.
831 3255 853 3289 c.
871 3248 932 3291 tom.
944 3244 978 3306 Π,
996 3257 1054 3308 pag.
1067 3244 1128 3296 350.

32 3347 78 3382 nro.
92 3329 117 3380 4.
138 3327 184 3392 qui
203 3341 235 3376 ex
253 3327 301 3376 hac
318 3327 374 3392 ipsa
391 3328 529 3380 litterarum
546 3335 636 3378 uotiua
650 3341 745 3378 nomen
758 3324 965 3388 Glagoliticarum
977 3335 1061 3378 ortum
1072 3311 1132 3380 essi

32 3418 91 3478 dicit,
110 3432 127 3466 a
144 3428 208 3464 voce
221 3411 347 3477 „glogow
360 3415 377 3463 i.
394 3429 415 3464 e.
428 3415 506 3478 loqui.
535 3413 586 3466 Sed
605 3413 649 3464 cfr.
670 3427 735 3477 quae
753 3412 801 3462 hnc
819 3412 851 3462 da
868 3426 896 3462 re
915 3414 1025 3476 disputet
1040 3415 1128 3464 Ioso-

33 3504 102 3562 phns
120 3500 323 3563 Dobrovvsky
340 3500 367 3550 in
385 3499 555 3564 „Glagolitica
573 3506 621 3548 etc.
648 3500 698 3549 Ein
715 3499 829 3563 Anhang
847 3514 906 3550 eum
924 3497 1035 3550 Slaviu“.
1062 3499 1130 3566 Prsg

35 3585 102 3638 1807.
122 3582 160 3636 8⁰.
178 3602 237 3651 pag.
250 3584 292 3634 47.
312 3592 338 3635 et
354 3586 468 3635 Moritz
487 3585 601 3645 Hespe
619 3584 637 3632 l.
649 3601 671 3634 c.
690 3601 749 3650 pag.
761 3585 787 3636 8.
799 3584 1128 3640 med—Ceterumhaud

33 3671 62 3720 ita
82 3675 156 3724 certis
178 3672 277 3735 legibus
300 3671 431 3720 definitum
452 3671 565 3728 videtur,
588 3671 716 3729 quomodo
737 3674 849 3736 singulas
868 3672 1075 3725 Sclavomcorum
1092 3675 1128 3722 ni·

34 3757 193 3817 oteheoorum
206 3759 302 3806 litterae
316 3757 522 3816 interpretemur3
542 3752 783 3806 Grubissiohius
798 3759 865 3808 anim
879 3760 956 3824 louge
968 3762 1019 3810 alia
1028 3763 1128 3808 ratione

34 3841 74 3892 hoe
95 3847 152 3908 ipso
177 3856 283 3893 munere
306 3839 450 3901 interpretis
473 3837 574 3886 functus
597 3845 636 3888 ost
655 3854 713 3902 pag.
732 3839 765 3890 46
789 3845 997 3906 „Disquisitionis
1019 3845 1047 3892 in
1065 3844 1127 3904 orig.

35 3937 54 3977 et
68 3931 200 3981 historiam
218 3926 346 3991 alphabeti
364 3921 673 4000 slavonici-Glagohtici“
697 3932 745 3974 etc.
783 3927 867 3986 Quare
887 3942 917 3977 ω
935 3930 1019 3978 minus
1036 3929 1137 3976 miram*

34 4014 85 4065 dum
102 4018 178 4068 nobis
198 4023 244 4076 est,
263 4015 284 4064 si
296 4012 380 4062 Ethici
398 4009 498 4060 codices
517 4011 700 4074 corruptissimi
717 4011 798 4071 magis
813 4013 889 4060 stiam
905 4013 938 4062 ab
949 4013 981 4062 iis
994 4013 1129 4063 abhorrere

34 4099 139 4153 ridentur
152 4102 293 4151 litterarum
307 4097 539 4163 significationibus,
556 4113 619 4161 quas
628 4097 695 4160 apud
704 4096 890 4158 Kopitarem
903 4096 920 4144 l.
931 4112 953 4146 c.
967 4098 1116 4156 invenimus.

96 4184 166 4248 ³90)
186 4187 232 4238 cir.
251 4187 370 4238 Ethicum
387 4199 446 4250 pag.
460 4184 525 4244 511,
547 4199 570 4234 v.
583 4183 690 4246 sequ:
719 4195 847 4244 „suosque
868 4182 955 4245 apices
973 4185 1000 4238 in
1017 4188 1129 4240 medium

34 4273 141 4332 positos“
162 4280 210 4324 eoo.
252 4319 255 4324 .
894 4285 902 4294 ·
