2780 5092
727 404 789 473 192

208 587 377 668 „roganter
408 581 590 665 usurpavit3
635 577 819 646 Euandrius
850 580 938 647 urbis
973 603 1081 646 muros
1116 588 1149 644 et
1182 582 1305 648 moenia

207 683 407 768 ,ampliavit,
440 683 544 769 ipsam
572 705 686 770 nempe
713 683 825 749 urbem
854 705 874 747 a
902 707 960 750 suo
987 683 1145 750 vocabulo
1170 681 1304 748 Romam

207 785 440 870 ,nuncupavit3
468 786 538 872 ipse
566 809 641 852 vero
670 795 744 874 post
771 811 867 852 avum
895 786 1062 863 fratricida
1090 785 1215 868 extitit,
1242 783 1306 850 Re-

207 910 377 972 ,mumque
405 887 547 954 sanem
566 912 658 956 suum
684 891 828 973 necavit,
868 889 1040 976 spurcitiae
1068 889 1157 982 omni
1182 888 1307 956 deditus

207 998 261 1074 ,et
274 991 399 1056 luxuria
413 991 595 1077 freneticus,
606 993 782 1080 pellexator
796 993 944 1060 nefarius.
976 990 1150 1058 Commoto
1167 992 1309 1058 exercitu

207 1093 460 1178 ,Romanorum,
492 1096 545 1160 avi
572 1095 761 1162 crudelitate
783 1105 930 1182 arreptus
950 1095 1215 1162 Lacedaemones
1237 1116 1307 1158 cru-

207 1197 341 1280 ,deliter
369 1196 556 1281 debellavit,
588 1199 788 1266 Pannoniam
816 1200 973 1283 vastavit,
1009 1199 1142 1267 Simotn
1171 1197 1309 1278 transiit,

207 1311 302 1388 ,post
327 1303 464 1389 primam
489 1302 687 1376 eversionem
708 1301 827 1368 Troiae
849 1301 1007 1370 secundus
1030 1310 1217 1368 omentator
1239 1323 1310 1387 per·

206 1406 373 1488 „accessit
396 1427 480 1470 cum
494 1405 654 1472 Franco
676 1406 855 1472 etVasso
878 1406 946 1491 qui
968 1428 1015 1472 ex
1036 1406 1147 1492 regia
1169 1427 1311 1491 prosa-

207 1508 295 1593 „pia
316 1517 594 1575 remanserant
617 1508 768 1574 certando
785 1507 959 1590 dimicavit,
981 1509 1123 1594 ipsisque
1137 1508 1312 1596 superatis,

207 1611 287 1693 ,llio
310 1611 414 1677 denuo
437 1621 543 1698 capto,
566 1612 720 1676 remeavit
742 1609 783 1674 ad
799 1608 954 1674 Urbem“.

293 1712 459 1796 „Francus
482 1713 565 1778 enim
588 1722 621 1778 et
642 1711 766 1778 Vassus
794 1711 907 1777 foedus
930 1711 1016 1797 apud
1038 1713 1186 1779 Albanos
1208 1713 1313 1798 impe-

206 1824 405 1900 ,traverant3
442 1823 554 1880 mutuo
587 1823 752 1882 moventes
785 1815 961 1882 exercitum
993 1823 1106 1880 contra
1133 1814 1312 1881 Romulum

207 1928 379 2002 ,montana
391 1918 536 1984 Histriae
558 1925 759 1984 transeuntes
779 1917 918 1983 fixerunt
934 1919 1082 2001 tentoria,
1099 1926 1215 1984 contra
1231 1940 1313 2002 quos

207 2022 383 2106 „Romulus
405 2029 511 2088 castra
532 2021 681 2112 opponit3
706 2043 778 2086 cum
792 2021 920 2086 Franco
943 2029 976 2086 et
990 2020 1097 2086 Vasso
1115 2021 1223 2086 denuo
1246 2021 1314 2087 bel-

207 2128 347 2209 ,lalurus
369 2125 555 2211 properavit
576 2123 610 2186 in
631 2131 772 2187 montem
794 2145 920 2188 sacrum
943 2145 1078 2208 arasque
1094 2123 1187 2189 Iovis
1209 2125 1315 2189 famo·

207 2230 378 2311 „sissimaa
423 2226 661 2312 Praeparantur
688 2224 734 2290 ad.
755 2225 856 2290 aciem
879 2226 1051 2313 perduellis
1073 2225 1179 2292 hostis
1201 2227 1314 2293 hostes

207 2331 363 2413 ,invicem
386 2328 583 2394 dimicantes.
617 2327 772 2394 Romulus
793 2338 868 2413 post
883 2330 1137 2396 cruentissimam
1153 2339 1314 2418 stragem,

207 2434 311 2516 „sicut
333 2433 506 2498 maximum
529 2440 674 2497 moverat
694 2432 887 2514 exercitum,
914 2433 1018 2498 victor
1041 2433 1149 2500 extitit
1172 2433 1313 2500 debella-

207 2544 378 2621 ,turosqne
401 2535 572 2624 superavit.
617 2535 764 2602 Francus
786 2543 819 2600 et
840 2534 964 2602 Vassus
991 2559 1119 2604 caesum
1143 2547 1313 2604 cernentes

208 2641 417 2722 ,exercitum
444 2662 517 2704 cum
545 2639 657 2725 paucis
686 2639 741 2723 qui
767 2647 984 2705 remanserant
1010 2663 1069 2727 per
1091 2641 1207 2728 fugam
1228 2642 1314 2727 lapsi

207 2751 411 2825 „evaserunt3
434 2741 554 2808 Albani
578 2742 733 2828 prostrati
754 2750 850 2827 atque
873 2743 991 2808 devicti
1014 2745 1070 2829 qui
1091 2745 1232 2812 evadere
1255 2768 1313 2831 po·

208 2853 333 2929 ,terant
355 2869 375 2912 a
396 2845 495 2912 caede
516 2845 657 2912 maxima
678 2847 797 2912 reversi
819 2854 893 2910 sunt
916 2846 958 2909 ad
978 2847 1141 2931 propria“·

295 2950 471 3034 „Francus
484 2958 530 3013 u,
544 2947 694 3032 diximus,
717 2947 883 3014 etVassus
906 2947 1048 3014 videntes
1071 2969 1105 3014 se
1127 2959 1315 3038 superatos,

208 3063 346 3136 ,terram
374 3060 480 3117 autem
503 3051 656 3118 afflictam
679 3062 711 3118 et
732 3059 892 3118 vastatam
912 3053 947 3116 in
968 3052 1240 3138 solitudinemque
1263 3077 1315 3120 re·

208 3156 368 3239 ,daetam,
389 3156 603 3240 relinquentes
624 3155 755 3242 propria
777 3176 849 3219 cum
872 3157 983 3240 paucis
1006 3156 1170 3224 sodalibus
1191 3158 1252 3224 sed
1267 3160 1316 3224 vi-

209 3259 273 3342 ,ris
301 3258 475 3344 expeditis,
504 3260 589 3344 pulsi
611 3282 631 3324 a
652 3257 744 3340 sede,
773 3259 883 3324 statim
904 3257 1075 3326 Rhaetiam
1103 3269 1316 3348 penetrantes

209 3362 271 3445 ,ad
285 3363 372 3427 invia
388 3371 420 3426 et
435 3361 563 3428 deserta
577 3360 771 3428 Germaniae
786 3371 1008 3446 pervenerunt,
1022 3363 1180 3450 laevaque
1199 3365 1315 3433 Maeo-

209 3465 313 3548 „tidas
331 3465 464 3551 paludes
480 3465 686 3547 dimittentes,
707 3487 795 3531 more
808 3465 1005 3550 praedonum
1021 3468 1159 3553 piratico
1181 3478 1215 3535 et
1232 3479 1315 3536 stro·

209 3567 331 3654 ,phoso
347 3577 443 3652 atque
457 3569 617 3634 latronum
630 3567 793 3656 degentes,
811 3568 922 3633 urbem
935 3579 1138 3637 construunt:
1164 3571 1315 3640 Sicam-

210 3671 351 3754 „briam
373 3669 576 3737 barbarica
601 3695 669 3738 sua
690 3673 822 3760 lingua
843 3682 1080 3759 nuncupant,
1110 3659 1146 3739 id
1170 3685 1223 3742 est
1247 3677 1315 3764 gla-

210 3774 317 3857 ,dium
338 3782 371 3840 et
391 3795 510 3858 arcum,
532 3798 621 3840 more
635 3775 833 3862 praedonum
847 3781 1299 3863 extemorumqucpositam“.

298 3876 472 3961 ,Romulus
501 3875 591 3960 dein,
611 3879 784 3944 humanum
805 3878 915 3944 sitiens
938 3880 1140 3966 sanguinem,
1171 3882 1314 3949 hostium

211 3981 436 4063 ,plurimorum
467 3991 653 4068 congestum
688 3981 845 4046 Histriam
878 3982 1041 4067 ingressus
1076 4003 1194 4056 cruore
1223 3993 1314 4052 tanto

211 4082 317 4166 ,fuso,
346 4083 393 4148 ita
420 4093 456 4148 nt
478 4083 580 4152 undas
601 4087 707 4152 Histri
728 4085 885 4149 humanus
914 4105 1007 4148 cruor
1029 4097 1314 4175 praeoccupasset,

140 4239 148 4252 ,
211 4183 367 4265 ,victoria
387 4196 516 4272 patrata
537 4212 613 4254 mox
634 4189 806 4255 Albaniam
828 4187 1030 4275 peraccessit.
1084 4187 1220 4271 Quanta
1247 4214 1314 4257 oer-
