2784 5106
584 537 623 606 31

51 715 133 796 erit,
164 711 289 778 scilieet
315 710 370 776 ubi
399 709 440 775 de
467 710 552 776 Iulio
577 710 724 777 Honorio
746 710 883 778 Oratore
912 712 1156 797 disputabimus.

52 815 168 898 Quare
189 815 294 884 missis
317 813 430 880 ceteris
452 815 518 880 iam
534 813 575 880 ad
591 815 679 902 ipsos
692 815 792 882 libros
806 817 1038 902 manuscriptos
1053 825 1158 882 trans·

51 941 173 986 eamus.

447 1065 451 1072 ’
562 1105 593 1188 §-
618 1107 648 1170 5.

209 1249 259 1300 DII
276 1248 390 1300 LIBRIS
407 1247 482 1297 MSS.
502 1249 564 1309 QVI
580 1249 630 1297 AD
649 1249 730 1298 ΒΑΜ.
748 1249 781 1299 Α.
799 1249 1002 1302 PERTINENT.

147 1386 177 1450 1.
222 1380 317 1458 (lod.
348 1379 624 1449 Scorialensis
652 1379 757 1466 HR,
788 1382 839 1450 18.
869 1392 963 1447 antea
989 1381 1160 1449 Ovetensis

50 1487 159 1552 forma
180 1486 247 1550 fere
271 1483 437 1571 quadrata.
474 1482 627 1550 Continet
643 1486 732 1550 varia
746 1485 973 1574 geographica,
995 1484 1159 1570 historica,

49 1588 247 1676 theologica,
263 1589 296 1652 in
313 1587 788 1674 quibusPseudo·Aethici
801 1587 1159 1678 Cosmographiam
1229 1643 1233 1662 ,

51 1693 183 1759 saeculo
199 1691 296 1776 VIII,
312 1701 349 1757 ut
366 1691 504 1775 videtur,
528 1701 664 1759 exeunte
679 1694 843 1780 scriptum.
877 1693 997 1780 Incipit
1011 1693 1065 1758 fol.
1083 1695 1158 1760 55¹:

50 1793 290 1862 DIMENSIO
320 1791 517 1861 TERRAE.
574 1797 684 1880 „Iulio
715 1795 835 1862 Cosano
868 1820 976 1862 marco
1006 1805 1038 1862 et
1067 1804 1159 1861 antu·

50 1899 158 1964 nino“
183 1905 245 1963 eet.
270 1899 400 1989 explicit
421 1901 476 1964 fol.
494 1901 547 1967 62.
562 1908 641 1964 rect.

143 2001 460 2071 Praestantissimum
483 2003 570 2068 hunc
593 2001 753 2088 codicem,
781 2027 863 2069 anno
888 2005 974 2072 1572
998 2002 1096 2071 Oveti
1119 2004 1159 2070 ab

50 2131 85 2174 se
115 2107 313 2192 inspectum,
343 2105 505 2172 Antonius
534 2105 574 2171 de
595 2105 739 2171 Morales
766 2115 861 2194 putat
884 2107 1007 2194 origine
1029 2107 1160 2174 Toleta-

50 2227 137 2276 num‘
160 2233 230 2276 esse
261 2210 336 2293 (cfr.
357 2209 463 2300 Viage
485 2234 566 2298 para
586 2232 760 2276 reconocer
774 2211 828 2297 lae
849 2211 1001 2295 reliquias
1033 2260 1113 2277 ....
1137 2237 1159 2300 y

51 2314 152 2379 libros
173 2313 387 2378 manuscritos
413 2313 453 2380 de
475 2315 523 2380 las
547 2311 757 2380 Cathedrales
778 2339 802 2401 y
824 2313 1055 2395 Monasterios3
1086 2315 1160 2381 dale

52 2441 72 2481 a
94 2418 147 2482 luz
169 2416 227 2483 Fr.
249 2416 294 2482 H.
312 2415 447 2498 Flora,
469 2416 603 2480 Madrid
626 2418 723 2482 1765.
745 2417 800 2480 fol.
823 2439 897 2500 pag.
915 2417 999 2498 93.).
1044 2418 1097 2482 De
1120 2441 1159 2482 eo

51 2519 187 2586 videndi
209 2524 285 2582 sunt
306 2514 350 2580 G.
366 2515 510 2601 Parthey
534 2524 567 2579 et
589 2514 638 2577 M.
653 2513 774 2578 Pinder
794 2515 816 2577 l.
833 2537 860 2578 e.
882 2537 958 2600 pag.
971 2515 1054 2578 XX.
1067 2539 1115 2599 sq.

145 2620 199 2684 De
220 2617 284 2682 hoc
306 2624 413 2683 autem
434 2617 517 2684 libro
536 2639 600 2702 quo
614 2617 719 2682 minus
734 2616 870 2702 amplius
885 2617 1058 2702 quicquam
1074 2639 1161 2683 com-

52 2731 183 2812 pertum
205 2720 432 2804 habemus,.,eo
454 2721 557 2810 magis
577 2720 761 2788 laetandum
777 2729 835 2805 est,
859 2721 945 2806 quod
960 2745 1031 2788 eam
1047 2723 1160 2790 saltem

52 2835 181 2915 partem
209 2825 368 2912 inspicere
396 2824 488 2891 nobis
518 2827 669 2914 contigit,
706 2847 788 2910 quae
816 2825 1044 2892 dimensionem
1072 2827 1160 2896 orbis

54 2940 88 2998 et
111 2930 381 2998 enumerationem
403 2930 556 3012 marium,
585 2930 761 2995 insularum
784 2936 845 2992 eet.
869 2931 1019 2999 continet.
1063 2931 1160 2997 Hanc

55 3035 141 3104 enim
163 3042 289 3118 partem
313 3057 353 3098 ex
375 3032 498 3116 codice,
520 3042 558 3100 ut
579 3033 717 3115 videtur,
740 3031 940 3100 Soorialense
963 3031 1039 3096 dum
1063 3031 1161 3102 Oveti
1280 3093 1282 3104 .

55 3138 281 3206 asservabatur
303 3136 473 3222 exscripsit
488 3133 722 3202 Chronicorum
737 3133 947 3201 Ovetensium
962 3144 1085 3220 auctor,
1105 3137 1161 3222 qui

55 3265 84 3306 a.
102 3241 180 3309 883.
204 3249 285 3322 o‘pus
307 3261 400 3302 suum
423 3241 611 3324 composuit.
649 3239 753 3327 Typis
776 3247 883 3304 autern
905 3241 1161 3326 expressumin·

55 3342 167 3409 venies
195 3339 282 3427 apud
309 3339 442 3424 Florez,
479 3343 612 3429 Espaira
640 3341 803 3432 sagrada,
836 3341 969 3407 Madrid
1004 3345 1098 3414 1782.
1127 3346 1161 3409 in

57 3452 185 3531 quarto,
208 3453 285 3509 tom.
301 3442 402 3526 XIII,
424 3466 500 3530 pag.
515 3447 590 3514 433.
606 3449 668 3530 ¹³⁶).

147 3609 179 3676 2.
215 3602 1159 3696 Cod.ParisiensisBiblioth.NationSupplem.

56 3709 191 3774 Latin.
215 3710 289 3778 685.
319 3729 403 3776 saec.
426 3707 491 3774 IX.
521 3706 694 3773 membran.
738 3708 827 3776 Inest
847 3735 924 3799 pag.
947 3713 1159 3782 237-262=

59 3809 271 3878 CRONICA
292 3812 412 3878 IVLII
435 3810 629 3880 CESARIS
644 3814 709 3896 ¹³⁶).
756 3811 859 3896 „Iulio
883 3812 1022 3880 Caesare
1044 3815 1160 3882 Marco

57 3945 259 3956 ...μ-ιη·-

130 4005 197 4072 135)
216 4009 321 4060 Fallitur
344 4009 438 4060 Chr-let.
454 4011 587 4071 Peterson,
611 4009 633 4059 si
655 4023 712 4073 pag.
732 4009 791 4059 171.
810 4025 833 4060 a
850 4011 893 4061 fin.
917 4014 990 4062 dicit:
1019 4011 1160 4075 fragmenta

59 4103 156 4146 tanturn
174 4095 391 4160 CosmographIae
413 4097 462 4146 hoe
484 4097 548 4146 libro
572 4096 708 4156 contineri,
732 4098 801 4159 quod
823 4106 892 4148 eerte
912 4099 1076 4150 nullomodo
1095 4116 1158 4164 ques

60 4181 101 4231 ille
119 4183 213 4242 laudat,
231 4183 371 4248 pag-XXI.
384 4181 448 4243 init,
464 4181 521 4232 VV.
536 4181 584 4232 011.
599 4179 671 4230 eust
683 4181 794 4246 Parthcy
813 4191 838 4233 et
848 4183 949 4232 Maurit
962 4183 1055 4236 Pinder
1072 4188 1158 4237 edixe-

61 4275 125 4319 runt
157 4267 221 4316 eod.
234 4267 399 4317 Seorialensie
412 4267 639 4330 Coemogrephiam
655 4267 714 4316 Iulii
731 4267 839 4320 Honorii
857 4272 1011 4335 integram
1030 4274 1140 4324 exhibet.

132 4348 199 4411 136)
218 4351 263 4400 cfr.
281 4352 421 4402 D'Aveaae.
440 4354 457 4403 1.
470 4364 493 4402 o.
512 4351 642 4418 pagi-106.
661 4362 713 4404 not.
729 4354 752 4405 1.
