2784 5106
560 549 601 618 33

18 733 99 789 sunt
132 773 140 788 .
171 723 321 790 hierosim
357 723 541 790 caminabes
575 723 750 790 ifansenses
784 724 903 793 dostrei
929 727 1126 797 fluminensis

18 828 125 911 quinq
149 875 157 892 .
181 827 492 915 genuanniburenses
515 877 523 892 .
546 831 685 894 mazices
704 877 712 893 .
729 829 937 896 marmarides
958 841 1126 900 nasdrutes

17 939 226 1016 garamanbes
247 930 410 997 theorides
432 930 632 998 curbisenses
653 932 773 997 veitani
787 955 995 999 rusuccenses
1008 936 1126 1002 fraten-

17 1055 73 1098 ses
96 1030 301 1099 bordiofitani
322 1056 509 1101 musuenses
530 1037 700 1100 vanniores
718 1035 870 1102 astenites
886 1036 1129 1126 barbarigenses

17 1137 202 1225 alamaggei
229 1146 380 1203 vacantes
408 1137 549 1203 massilia
578 1139 724 1205 benses“.
769 1139 844 1206 Hoc
872 1140 945 1207 loco
966 1140 1127 1225 librarius,

17 1248 53 1304 et
75 1240 111 1304 in
133 1239 240 1304 media
262 1240 392 1324 quidem
413 1241 515 1323 linea,
538 1241 699 1306 scribendi
719 1242 815 1307 finem
836 1244 929 1327 fecit,
951 1245 998 1309 ita
1019 1253 1057 1309 ut
1078 1245 1127 1309 ul-

16 1343 104 1407 tima
126 1342 247 1407 codicis
269 1344 389 1430 pagina
410 1365 513 1406 vacua
535 1345 731 1408 remanserit.

111 1445 305 1530 Descriptus
327 1455 434 1509 autem
456 1443 585 1510 videtur
606 1446 709 1511 codex
736 1453 845 1511 noster
866 1467 907 1511 ex
930 1447 1000 1512 cod.
1022 1447 1126 1514 Paris.

16 1547 229 1634 Suppl.Lat.
247 1549 322 1616 685.
339 1546 458 1632 dequo
481 1570 578 1634 supra
601 1549 845 1636 disputavimus.
878 1548 1035 1638 Magnam
1057 1552 1127 1618 eius

15 1661 147 1736 partem
169 1651 262 1718 nobis
283 1652 444 1740 excerpsit
465 1651 508 1716 V.
525 1649 575 1716 Ol.
591 1652 678 1718 Lud.
694 1653 877 1718 Bethmann
900 1654 960 1718 Dr.

110 1809 190 1876 Pa.
225 1806 891 1879 (iodVaticanusPalatinusiiid.
909 1810 1124 1876 membranae.

14 1912 51 1974 in
75 1920 205 1994 quarto.
228 1932 312 1976 saec.
330 1911 377 1975 X.
400 1915 601 1999 conscriptus
615 1915 680 1997 148).

108 2013 150 2078 In
172 2012 235 2080 hoc
256 2013 339 2080 libro
353 2015 519 2102 legrmtur:
541 2017 597 2081 fol.
617 2018 738 2088 1-42,
752 2014 1019 2104 Computationes
1033 2015 1126 2082 chro-

16 2118 188 2205 nologicae
216 2140 318 2203 usque
347 2118 390 2184 ad
420 2117 529 2187 Caroli
557 2119 673 2206 Magni
701 2127 847 2206 tempora
875 2119 1051 2200 deductam
1085 2157 1125 2168 -

17 2222 72 2286 fol.
97 2222 259 2289 5—139:
294 2221 649 2289 Pseudo-Aethici
672 2221 1013 2310 Ocsmographia3
1043 2245 1125 2307 quse

17 2321 265 2411 incipitaINO.
289 2321 500 2392 GRONICA
521 2325 642 2393 IVLII
664 2323 891 2394 CAESARIS
918 2327 1021 2410 „Iuiic
1042 2324 1125 2392 an-

18 2451 90 2494 sare
115 2435 177 2492 etc.
202 2476 327 2492 ........
350 2429 492 2492 massilio
513 2429 666 2492 benses“.
710 2427 844 2492 Excidit
866 2438 974 2492 autem
997 2439 1125 2511 quater·

8 2532 125 2624 ¹nionis
154 2528 288 2594 secundi
315 2529 427 2591 folium
454 2529 605 2609 alterum,
633 2527 680 2590 ita
701 2535 739 2591 ut
760 2529 843 2590 inter
866 2535 1009 2591 extrema
1029 2531 1126 2612 primi

15 2634 89 2697 folii
113 2630 228 2696 verba:
254 2629 466 2714 „[Achelous]
489 2630 522 2694 in
545 2653 633 2695 mare
655 2628 780 2695 Ionium
796 2630 916 2694 currit“
930 2630 996 2712 Ι“),
1019 2639 1052 2694 et
1066 2631 1127 2695 ini·

17 2737 103 2801 tium
132 2735 220 2798 tertii
247 2735 315 2799 folii
343 2735 458 2799 lacuna
487 2734 538 2799 sit.
583 2735 712 2799 Folium
735 2735 820 2799 enim
842 2733 974 2798 tertium
995 2733 1124 2821 incipit:

22 2849 76 2922 „et
105 2862 145 2904 ea
173 2859 290 2903 corona
318 2837 454 2903 includit
483 2860 609 2903 omnem
634 2839 799 2925 regionem
820 2837 995 2903 Acarniam
1020 2839 1123 2924 (sici)

20 2951 53 3007 et
81 2967 101 3007 a
128 2963 228 3007 corna
256 2943 358 3027 (sici)
386 2965 488 3027 usque
509 2942 748 3008 Acamaniam“
772 2949 834 3004 etc.
859 2963 940 3024 quae
962 2939 1062 3004 verba
1084 2940 1126 3004 ad

20 3046 269 3132 descriptionem
290 3046 358 3110 Nili
387 3045 527 3110 fluminis
556 3045 717 3130 pertinent
747 3044 873 3128 qualem
902 3065 1001 3126 quum
1028 3043 1127 3106 ceteri

19 3147 115 3215 huius
137 3150 330 3214 recensionis
351 3149 425 3213 libri
447 3171 556 3214 omnes
578 3149 709 3230 habent,
730 3153 799 3210 tum
826 3144 897 3209 cod.
918 3144 1126 3211 Monacensis

21 3255 110 3339 Aug.
134 3253 198 3314 Ies.
222 3252 292 3332 14⁶,
322 3247 397 3316 MS.
419 3250 596 3338 Peutinger
624 3253 677 3320 36.
711 3249 839 3315 sacerdo
861 3246 941 3314 XV.
964 3235 1125 3333 exaratus,

19 3355 75 3419 fol.
92 3357 125 3423 9¹
151 3351 291 3418 exhibet.

110 3456 226 3524 Codex
239 3455 408 3520 Palatinus
431 3454 610 3541 descriptus
627 3468 676 3524 est
691 3482 731 3524 ex
746 3456 891 3544 proxime
907 3453 1125 3536 antecedenti3

22 3564 89 3628 eius
99 3571 224 3650 partem
237 3557 398 3644 excerpsit
409 3565 441 3622 et
451 3557 616 3622 nobiseum
629 3560 875 3625 commrmioavit
883 3558 1123 3624 L.Bethmann.

9 3719 10 3727 '
111 3719 153 3786 2*
167 3721 216 3782 a¹.
235 3701 237 3708 ¹
255 3713 349 3781 Ood.
372 3713 624 3780 Havniensis
638 3716 703 3798 ¹⁴⁵),
727 3713 898 3781 Collect.
915 3712 1008 3802 Reg.
1027 3715 1061 3780 N
1068 3738 1125 3781 ov.

25 3822 109 3890 357.
135 3821 274 3886 chartae.
290 3820 322 3882 in
338 3827 453 3904 quarto
468 3818 660 3906 paginarum
678 3818 729 3885 19.
763 3817 876 3885 Codex
890 3841 987 3883 manu
1001 3819 1126 3884 franco·

25 3925 140 4008 gallica
161 3922 266 3988 medio
289 3921 417 3987 saeculo
432 3921 564 3988 XVIII.
585 3922 785 4006 conscriptus
808 3932 867 4004 est,
889 3945 964 3987 nam
987 3923 1019 3986 in
1042 3942 1127 3986 mar-

96 4185 161 4248 143)
181 4190 224 4248 ita,
242 4203 293 4237 non
313 4201 379 4236 saec.
392 4187 437 4236 IX.
457 4193 485 4235 nt
502 4187 555 4235 vult
572 4187 693 4236 Petersen
711 4203 774 4250 pag„
785 4185 842 4234 474.

94 4271 160 4331 144)
180 4273 301 4322 Aethione
321 4275 359 4322 ed.
380 4274 490 4323 Gronov.
509 4288 566 4336 pag.
582 4272 640 4321 719.

96 4355 162 4417 145)
182 4359 226 4407 cfr.
245 4359 327 4419 Perta,
346 4360 440 4408 Archiv
458 4359 515 4418 vn,
533 4373 591 4422 pag.
607 4357 664 4408 160.
