2784 5106
759 413 804 480 40

320 585 434 654 Codex
455 587 635 673 exscriptus
653 595 702 652 est
723 608 764 651 ox
778 586 922 670 proxime
938 586 1158 667 antecedenti3
1181 587 1258 656 eins
1273 613 1353 676 per-
1374 553 1375 594 ³

232 699 298 756 tem
318 689 413 755 nobis
434 689 594 778 excerpsit
614 687 802 756 Ludovicus
824 687 1007 756 Bethmann
1020 692 1086 774 ι19).

319 895 482 963 Undecim
503 897 602 985 igitur
624 898 679 981 qui
693 895 867 962 secundam
882 897 1100 965 recensionem
1115 897 1279 966 exhibent
1295 925 1351 968 co-

235 999 323 1066 dices
344 1001 564 1086 manuscripti,
588 999 649 1065 etsi
670 1000 807 1065 familias
829 999 910 1066 duas
934 1002 1144 1085 constituunt,
1166 1009 1283 1068 tamen
1307 1005 1351 1070 ad

234 1127 332 1170 unum
353 1101 527 1170 reducendi
548 1112 623 1169 sunt
644 1102 873 1188 archetypum,
902 1103 949 1178 ita
970 1112 1007 1168 ut
1029 1103 1109 1169 haec
1132 1091 1200 1171 fere
1225 1129 1352 1196 cogna-

234 1207 331 1274 tionis
351 1206 498 1272 videatur
518 1227 588 1272 esse
610 1203 728 1272 tabula.
772 1207 842 1290 (cfr.
866 1206 950 1272 infra
971 1229 1045 1294 pag.
1063 1209 1131 1287 11.)

745 1456 777 1538 §-
801 1457 831 1522 τ.

403 1599 547 1660 Removl
564 1599 751 1650 SECVNDAE
769 1599 998 1652 nncnnslonls
1017 1599 1174 1652 CODICES.
1376 1631 1377 1664 p

326 1732 489 1822 Singulari
518 1731 658 1818 quadam
679 1733 844 1799 Fortunae
873 1736 979 1821 gratia
1009 1734 1145 1818 accidit,
1175 1743 1210 1799 ut
1233 1734 1355 1818 (quod

236 1835 354 1904 talibus
375 1839 409 1903 in
431 1836 525 1903 rebus
548 1844 646 1924 caput
669 1839 734 1922 est)
759 1860 799 1904 ne
821 1838 905 1902 ratio
928 1837 1057 1922 quidem
1080 1839 1134 1903 illa
1157 1837 1189 1902 in
1205 1835 1353 1903 obscuro

237 1942 294 2028 sit,
324 1965 387 2028 qua
416 1965 456 2008 ex
481 1939 623 2008 secunda
643 1941 828 2006 recensione
851 1941 983 2006 tertiam
1003 1951 1107 2006 ortam
1129 1963 1199 2006 esse
1222 1948 1353 2006 statua·
1377 1933 1378 2008 1

237 2068 317 2112 mus.
373 2046 503 2111 Etenim
533 2043 615 2118 duos
643 2046 878 2132 manuscriptos
912 2045 1011 2110 libros
1046 2041 1190 2108 extitisse
1220 2052 1355 2108 certum

238 2157 297 2232 est,
320 2149 374 2234 qui
396 2146 568 2213 secundam
592 2147 764 2214 editionem
786 2157 823 2213 ut
845 2149 878 2212 in
901 2147 1015 2211 ceteris
1038 2146 1164 2232 sequuti
1183 2155 1274 2231 sunt,
1301 2157 1378 2246 ta·1

238 2273 311 2316 men
334 2251 396 2316 alio
419 2251 559 2336 quodam
573 2251 661 2317 fonte
676 2253 737 2337 usi,
753 2247 1026 2336 cosmographiae
1041 2247 1118 2312 tedia
1133 2247 1200 2311 fere
1216 2247 1357 2315 adiece-
1377 2249 1378 2274 ³

237 2362 323 2437 runt,
346 2354 454 2440 qualia
475 2355 589 2420 tertiae
611 2356 805 2422 recensionis
823 2352 960 2434 codices,
983 2372 1021 2416 ac
1043 2351 1071 2416 si
1092 2371 1185 2414 verae
1203 2347 1378 2466 Cosmo-¹

237 2458 391 2545 graphiae
413 2459 520 2526 cssen't
541 2468 661 2547 partes,
684 2465 903 2546 susceperunt.

326 2563 388 2629 Est
417 2573 523 2629 autem
552 2563 645 2629 nobis
667 2585 720 2628 res
743 2586 816 2628 cum
840 2571 948 2627 vetere
969 2559 1024 2624 illo
1046 2558 1128 2624 libro
1152 2578 1246 2640 quem
1273 2567 1358 2622 ante

238 2664 348 2730 oculos
378 2666 540 2750 quondam
567 2666 682 2733 habuit
703 2665 852 2732 Dicuilus
874 2661 1067 2741 monachus,
1098 2659 1152 2744 qui
1174 2661 1355 2726 nonnullos

239 2767 445 2834 etiam-locos
468 2770 536 2836 eius
556 2772 647 2859 operi
671 2794 729 2837 suo
752 2767 944 2834 verbotenus
963 2763 1112 2842 inseruit3
1136 2761 1254 2827 deinde
1272 2787 1354 2829 vero
1378 2773 1379 2860 t

239 2869 408 2938 dicendum
431 2873 492 2938 erit
514 2874 554 2940 de
576 2875 689 2940 codice
711 2873 858 2938 Romano
882 2865 1113 2949 Casanatense‚
1136 2865 1228 2932 cuius
1252 2889 1353 2932 accu-
1378 2879 1379 2884 ’

239 2976 390 3044 rationem
411 2978 626 3065 cognitionem
646 2977 733 3044 Lud.
752 2972 956 3042 Bethmenno
979 2968 1142 3038 debemus.

777 3170 805 3234 I.

241 3315 245 3325 “
329 3289 462 3359 Codex
476 3293 635 3359 Dicuili
659 3293 698 3356 de
721 3314 785 3375 quo
808 3290 878 3375 ipse
894 3309 965 3373 esp.
981 3284 1043 3351 VI.
1060 3287 1092 3370 ξ.
1109 3282 1220 3365 9.¹⁶⁰):
1247 3281 1353 3363 „Bre-

240 3396 311 3462 vius
339 3397 380 3462 de
406 3397 612 3482 sequentibus
633 3395 739 3461 fluviis
761 3416 803 3460 ex
825 3387 1084 3480 Cosmographia
1106 3395 1232 3451 tantum
1254 3408 1352 3468 prae·

240 3496 339 3580 dicta,
365 3521 467 3584 nuper
488 3501 522 3564 in
543 3523 632 3567 meas
654 3521 768 3565 manus
790 3502 955 3580 veniente,
978 3491 1196 3573 excerpetm“.
1237 3486 1353 3569 Quare

313 3703 380 3768 159)
398 3709 469 3758 Idem
487 3709 595 3778 sonasse
614 3714 697 3762 codex
715 3721 754 3763 est
765 3741 800 3750 -
812 3713 862 3762 nisi
880 3709 944 3759 forte
962 3699 1068 3750 Palssfin·
1090 3696 1156 3748 1357
1176 3698 1257 3750 fuisse
1274 3711 1352 3764 putus

240 3795 365 3844 -cuius
387 3795 562 3860 apographum
585 3813 613 3848 se
635 3798 729 3847 hebere
747 3796 835 3846 scribit
851 3795 934 3844 Lucas
952 3785 1100 3836 Holstenius
1117 3799 1184 3834 anno
1205 3783 1282 3834 1647.
1306 3788 1350 3836 cfr.

240 3881 269 3932 P.
288 3883 419 3942 anbecii
437 3882 481 3931 lib.
494 3881 539 3930 VI.
558 3883 590 3933 de
607 3883 674 3934 Bibl.
695 3881 797 3931 Caesar.
816 3877 883 3941 apud
903 3872 1059 3926 Gronovium
1077 3873 1094 3920 1.
1113 3887 1135 3922 c.
1153 3886 1212 3935 pag.
1225 3869 1287 3920 690.

314 3983 380 4049 160)
400 3985 446 4038 cfr.
459 3983 619 4034 Recherches
638 3978 840 4048 geographiques
859 3984 885 4026 et
902 3976 1021 4036 critiques
1040 3987 1084 4021 snr
1095 3973 1119 4022 le
1131 3972 1192 4023 livre
1205 3974 1262 4032 „De
1275 3975 1350 4024 Men-

242 4085 300 4118 sura
324 4074 392 4123 orbis
415 4070 514 4124 terrce“
537 4071 657 4136 compost
680 4082 712 4117 en
733 4063 848 4124 Irlcnde,
873 4077 906 4111 eu
928 4066 1147 4110 commencement
1165 4059 1198 4107 dn
1215 4061 1350 4110 neuviemc

241 4154 326 4216 siecle,
345 4172 391 4218 per
402 4160 501 4220 Dicuil3
521 4160 584 4209 snivi
603 4159 637 4206 du
655 4160 723 4204 texte
742 4148 846 4198 restitue
863 4163 910 4210 par
923 4146 955 4196 A.
967 4145 1105 4196 Letronne.
1128 4146 1200 4196 Pcris
1214 4145 1291 4196 1814.
1312 4143 1350 4196 8⁰.

241 4255 298 4304 pag.
314 4238 356 4290 33.
