<?xml version="1.0" encoding="UTF-8"?>
<!DOCTYPE html PUBLIC "-//W3C//DTD XHTML 1.0 Transitional//EN"
    "http://www.w3.org/TR/xhtml1/DTD/xhtml1-transitional.dtd">
<html xmlns="http://www.w3.org/1999/xhtml" xml:lang="en" lang="en">
 <head>
  <title>
</title>
<meta http-equiv="Content-Type" content="text/html;charset=utf-8" />
  <meta name='ocr-system' content='tesseract 3.04.00' />
  <meta name='ocr-capabilities' content='ocr_page ocr_carea ocr_par ocr_line ocrx_word'/>
</head>
<body>
  <div class='ocr_page' id='page_1' title='image "./decosmographiae01pertgoog_0037.png"; bbox 0 0 2784 5106; ppageno 0'>
   <div class='ocr_carea' id='block_1_1' title="bbox 766 475 809 541">
    <p class='ocr_par' dir='ltr' id='par_1_1' title="bbox 766 475 809 541">
     <span class='ocr_line' id='line_1_1' title="bbox 766 475 809 541; baseline -0.023 0"><span class='ocrx_word' id='word_1_1' title='bbox 766 475 809 541; x_wconf 75' lang='lat'><strong>24</strong></span> 
     </span>
    </p>
   </div>
   <div class='ocr_carea' id='block_1_2' title="bbox 232 649 1375 2600">
    <p class='ocr_par' dir='ltr' id='par_1_2' title="bbox 234 649 1350 1255">
     <span class='ocr_line' id='line_1_2' title="bbox 236 649 1347 740; baseline 0.004 -21"><span class='ocrx_word' id='word_1_2' title='bbox 236 673 330 738; x_wconf 87' lang='lat' dir='ltr'><strong>quem</strong></span> <span class='ocrx_word' id='word_1_3' title='bbox 352 653 489 718; x_wconf 84' lang='lat' dir='ltr'><strong>fortasse</strong></span> <span class='ocrx_word' id='word_1_4' title='bbox 511 659 586 738; x_wconf 88' lang='lat' dir='ltr'><strong>post</strong></span> <span class='ocrx_word' id='word_1_5' title='bbox 607 657 658 739; x_wconf 81' lang='lat' dir='ltr'><strong>tot</strong></span> <span class='ocrx_word' id='word_1_6' title='bbox 678 651 774 715; x_wconf 90' lang='lat' dir='ltr'><strong>etiam</strong></span> <span class='ocrx_word' id='word_1_7' title='bbox 790 649 918 716; x_wconf 86' lang='lat' dir='ltr'><strong>saecula</strong></span> <span class='ocrx_word' id='word_1_8' title='bbox 933 653 1099 740; x_wconf 86' lang='lat' dir='ltr'><strong>continget</strong></span> <span class='ocrx_word' id='word_1_9' title='bbox 1114 653 1347 740; x_wconf 85' lang='lat' dir='ltr'><strong>demonstrare,</strong></span> 
     </span>
     <span class='ocr_line' id='line_1_3' title="bbox 234 741 1347 845; baseline 0.007 -25"><span class='ocrx_word' id='word_1_10' title='bbox 234 757 268 820; x_wconf 92' lang='lat' dir='ltr'><strong>in</strong></span> <span class='ocrx_word' id='word_1_11' title='bbox 291 741 524 842; x_wconf 68' lang='lat' dir='ltr'><strong>capiteoperis</strong></span> <span class='ocrx_word' id='word_1_12' title='bbox 539 752 697 839; x_wconf 75' lang='lat' dir='ltr'>quaedam</span> <span class='ocrx_word' id='word_1_13' title='bbox 712 751 889 819; x_wconf 81' lang='lat' dir='ltr'><strong>addidisset</strong></span> <span class='ocrx_word' id='word_1_14' title='bbox 905 753 945 819; x_wconf 90' lang='lat' dir='ltr'><strong>de</strong></span> <span class='ocrx_word' id='word_1_15' title='bbox 960 753 1046 819; x_wconf 85' lang='lat' dir='ltr'><strong>orbis</strong></span> <span class='ocrx_word' id='word_1_16' title='bbox 1062 752 1347 845; x_wconf 84' lang='lat' dir='ltr'><strong>dimensuratione,</strong></span> 
     </span>
     <span class='ocr_line' id='line_1_4' title="bbox 235 854 1347 947; baseline 0.008 -25"><span class='ocrx_word' id='word_1_17' title='bbox 235 858 323 924; x_wconf 91' lang='lat' dir='ltr'><strong>Divo</strong></span> <span class='ocrx_word' id='word_1_18' title='bbox 339 857 421 924; x_wconf 92' lang='lat' dir='ltr'><strong>Iulio</strong></span> <span class='ocrx_word' id='word_1_19' title='bbox 437 857 590 924; x_wconf 88' lang='lat' dir='ltr'><strong>inchoata</strong></span> <span class='ocrx_word' id='word_1_20' title='bbox 612 867 644 924; x_wconf 89' lang='lat' dir='ltr'><strong>et</strong></span> <span class='ocrx_word' id='word_1_21' title='bbox 663 857 807 943; x_wconf 85' lang='lat' dir='ltr'><strong>perfecta</strong></span> <span class='ocrx_word' id='word_1_22' title='bbox 827 854 867 922; x_wconf 88' lang='lat' dir='ltr'><strong>ab</strong></span> <span class='ocrx_word' id='word_1_23' title='bbox 882 856 1034 947; x_wconf 81' lang='lat' dir='ltr'><strong>Augusto</strong></span> <span class='ocrx_word' id='word_1_24' title='bbox 1056 879 1254 946; x_wconf 76' lang='lat' dir='ltr'><strong>successore,</strong></span> <span class='ocrx_word' id='word_1_25' title='bbox 1277 873 1347 931; x_wconf 87' lang='lat' dir='ltr'><strong>tum</strong></span> 
     </span>
     <span class='ocr_line' id='line_1_5' title="bbox 235 960 1350 1052; baseline 0.007 -26"><span class='ocrx_word' id='word_1_26' title='bbox 235 963 506 1028; x_wconf 76' lang='lat' dir='ltr'>enumerationem</span> <span class='ocrx_word' id='word_1_27' title='bbox 533 962 725 1043; x_wconf 84' lang='lat' dir='ltr'><strong>insularum,</strong></span> <span class='ocrx_word' id='word_1_28' title='bbox 754 960 928 1043; x_wconf 83' lang='lat' dir='ltr'><strong>montium,</strong></span> <span class='ocrx_word' id='word_1_29' title='bbox 956 961 1194 1046; x_wconf 84' lang='lat' dir='ltr'><strong>provinciarum</strong></span> <span class='ocrx_word' id='word_1_30' title='bbox 1216 963 1258 1031; x_wconf 87' lang='lat' dir='ltr'><strong>de</strong></span> <span class='ocrx_word' id='word_1_31' title='bbox 1282 990 1350 1052; x_wconf 87' lang='lat' dir='ltr'><strong>qua</strong></span> 
     </span>
     <span class='ocr_line' id='line_1_6' title="bbox 236 1062 1348 1152; baseline 0.008 -24"><span class='ocrx_word' id='word_1_32' title='bbox 236 1066 378 1152; x_wconf 83' lang='lat' dir='ltr'>agimus,</span> <span class='ocrx_word' id='word_1_33' title='bbox 402 1089 440 1131; x_wconf 87' lang='lat' dir='ltr'><strong>ac</strong></span> <span class='ocrx_word' id='word_1_34' title='bbox 463 1068 491 1132; x_wconf 83' lang='lat' dir='ltr'><strong>si</strong></span> <span class='ocrx_word' id='word_1_35' title='bbox 513 1064 737 1149; x_wconf 83' lang='lat' dir='ltr'><strong>descriptionis</strong></span> <span class='ocrx_word' id='word_1_36' title='bbox 760 1086 885 1128; x_wconf 90' lang='lat' dir='ltr'>summa</span> <span class='ocrx_word' id='word_1_37' title='bbox 906 1073 1007 1148; x_wconf 83' lang='lat' dir='ltr'><strong>esset,</strong></span> <span class='ocrx_word' id='word_1_38' title='bbox 1032 1062 1108 1130; x_wconf 90' lang='lat' dir='ltr'><strong>huic</strong></span> <span class='ocrx_word' id='word_1_39' title='bbox 1133 1065 1206 1132; x_wconf 86' lang='lat' dir='ltr'><strong>loco</strong></span> <span class='ocrx_word' id='word_1_40' title='bbox 1229 1071 1348 1137; x_wconf 89' lang='lat' dir='ltr'><strong>melius</strong></span> 
     </span>
     <span class='ocr_line' id='line_1_7' title="bbox 235 1166 1335 1255; baseline 0.005 -21"><span class='ocrx_word' id='word_1_41' title='bbox 235 1169 353 1236; x_wconf 83' lang='lat' dir='ltr'><strong>ascribi</strong></span> <span class='ocrx_word' id='word_1_42' title='bbox 368 1191 464 1254; x_wconf 87' lang='lat' dir='ltr'>quam</span> <span class='ocrx_word' id='word_1_43' title='bbox 476 1166 752 1255; x_wconf 86' lang='lat' dir='ltr'><strong>Cosmographiae</strong></span> <span class='ocrx_word' id='word_1_44' title='bbox 764 1166 911 1253; x_wconf 85' lang='lat' dir='ltr'><strong>partibus</strong></span> <span class='ocrx_word' id='word_1_45' title='bbox 926 1169 1076 1235; x_wconf 85' lang='lat' dir='ltr'><strong>extremis</strong></span> <span class='ocrx_word' id='word_1_46' title='bbox 1090 1169 1136 1234; x_wconf 92' lang='lat' dir='ltr'><strong>illi</strong></span> <span class='ocrx_word' id='word_1_47' title='bbox 1151 1169 1257 1236; x_wconf 91' lang='lat' dir='ltr'><strong>visum</strong></span> <span class='ocrx_word' id='word_1_48' title='bbox 1272 1185 1335 1239; x_wconf 85' lang='lat' dir='ltr'><strong>est.</strong></span> 
     </span>
    </p>

    <p class='ocr_par' dir='ltr' id='par_1_3' title="bbox 322 1268 1048 1358">
     <span class='ocr_line' id='line_1_8' title="bbox 322 1268 1048 1358; baseline 0 -22"><span class='ocrx_word' id='word_1_49' title='bbox 322 1271 438 1358; x_wconf 84' lang='lat' dir='ltr'><strong>Itaque</strong></span> <span class='ocrx_word' id='word_1_50' title='bbox 461 1271 559 1338; x_wconf 86' lang='lat' dir='ltr'><strong>editio</strong></span> <span class='ocrx_word' id='word_1_51' title='bbox 582 1270 662 1336; x_wconf 85' lang='lat' dir='ltr'><strong>haec</strong></span> <span class='ocrx_word' id='word_1_52' title='bbox 686 1268 827 1335; x_wconf 87' lang='lat' dir='ltr'><strong>secunda</strong></span> <span class='ocrx_word' id='word_1_53' title='bbox 849 1270 963 1356; x_wconf 90' lang='lat' dir='ltr'><strong>incipit</strong></span> <span class='ocrx_word' id='word_1_54' title='bbox 977 1273 1048 1354; x_wconf 58' lang='grc' dir='ltr'><strong>Ψ).</strong></span> 
     </span>
    </p>

    <p class='ocr_par' dir='ltr' id='par_1_4' title="bbox 232 1372 1375 2600">
     <span class='ocr_line' id='line_1_9' title="bbox 325 1372 1348 1459; baseline 0.005 -19"><span class='ocrx_word' id='word_1_55' title='bbox 325 1374 427 1459; x_wconf 81' lang='lat' dir='ltr'><strong>„Iulio</strong></span> <span class='ocrx_word' id='word_1_56' title='bbox 451 1373 591 1442; x_wconf 83' lang='lat' dir='ltr'><strong>Caesare</strong></span> <span class='ocrx_word' id='word_1_57' title='bbox 614 1383 647 1441; x_wconf 90' lang='lat' dir='ltr'><strong>et</strong></span> <span class='ocrx_word' id='word_1_58' title='bbox 668 1372 717 1438; x_wconf 89' lang='lat' dir='ltr'><strong>M.</strong></span> <span class='ocrx_word' id='word_1_59' title='bbox 734 1374 900 1441; x_wconf 89' lang='lat' dir='ltr'><strong>Antonino</strong></span> <span class='ocrx_word' id='word_1_60' title='bbox 924 1374 1107 1442; x_wconf 84' lang='lat' dir='ltr'><strong>consulibus</strong></span> <span class='ocrx_word' id='word_1_61' title='bbox 1130 1377 1231 1442; x_wconf 91' lang='lat' dir='ltr'><strong>omnis</strong></span> <span class='ocrx_word' id='word_1_62' title='bbox 1255 1377 1348 1445; x_wconf 87' lang='lat' dir='ltr'><strong>orbis</strong></span> 
     </span>
     <span class='ocr_line' id='line_1_10' title="bbox 234 1477 1348 1565; baseline 0.004 -21"><span class='ocrx_word' id='word_1_63' title='bbox 234 1488 425 1565; x_wconf 86' lang='lat' dir='ltr'><strong>peragratus</strong></span> <span class='ocrx_word' id='word_1_64' title='bbox 453 1488 503 1544; x_wconf 92' lang='lat' dir='ltr'><strong>est</strong></span> <span class='ocrx_word' id='word_1_65' title='bbox 530 1503 589 1565; x_wconf 92' lang='lat' dir='ltr'><strong>per</strong></span> <span class='ocrx_word' id='word_1_66' title='bbox 614 1477 867 1563; x_wconf 87' lang='lat' dir='ltr'><strong>sapientissimos</strong></span> <span class='ocrx_word' id='word_1_67' title='bbox 888 1487 921 1544; x_wconf 92' lang='lat' dir='ltr'><strong>et</strong></span> <span class='ocrx_word' id='word_1_68' title='bbox 943 1480 1063 1545; x_wconf 88' lang='lat' dir='ltr'><strong>electos</strong></span> <span class='ocrx_word' id='word_1_69' title='bbox 1084 1479 1169 1546; x_wconf 90' lang='lat' dir='ltr'><strong>viros</strong></span> <span class='ocrx_word' id='word_1_70' title='bbox 1187 1479 1247 1544; x_wconf 91' lang='lat' dir='ltr'><strong>IV.</strong></span> <span class='ocrx_word' id='word_1_71' title='bbox 1278 1479 1348 1548; x_wconf 91' lang='lat' dir='ltr'><strong>Ni-</strong></span> 
     </span>
     <span class='ocr_line' id='line_1_11' title="bbox 235 1579 1373 1670; baseline 0.005 -24"><span class='ocrx_word' id='word_1_72' title='bbox 235 1581 373 1652; x_wconf 91' lang='lat' dir='ltr'><strong>codomo</strong></span> <span class='ocrx_word' id='word_1_73' title='bbox 391 1582 531 1647; x_wconf 89' lang='lat' dir='ltr'><strong>orientis.</strong></span> <span class='ocrx_word' id='word_1_74' title='bbox 562 1579 695 1646; x_wconf 90' lang='lat' dir='ltr'><strong>Didimo</strong></span> <span class='ocrx_word' id='word_1_75' title='bbox 716 1579 888 1648; x_wconf 89' lang='lat' dir='ltr'><strong>orientalis.</strong></span> <span class='ocrx_word' id='word_1_76' title='bbox 911 1581 1084 1648; x_wconf 86' lang='lat' dir='ltr'><strong>Theudoto</strong></span> <span class='ocrx_word' id='word_1_77' title='bbox 1100 1583 1347 1670; x_wconf 84' lang='lat' dir='ltr'><strong>septemtriona-</strong></span> <span class='ocrx_word' id='word_1_78' title='bbox 1372 1609 1373 1634; x_wconf 50' lang='lat' dir='ltr'><strong>r</strong></span> 
     </span>
     <span class='ocr_line' id='line_1_12' title="bbox 234 1683 1348 1770; baseline 0.006 -21"><span class='ocrx_word' id='word_1_79' title='bbox 234 1684 283 1749; x_wconf 89' lang='lat' dir='ltr'><strong>lis.</strong></span> <span class='ocrx_word' id='word_1_80' title='bbox 316 1683 465 1750; x_wconf 88' lang='lat' dir='ltr'><strong>Peliolito</strong></span> <span class='ocrx_word' id='word_1_81' title='bbox 487 1683 663 1750; x_wconf 87' lang='lat' dir='ltr'><strong>meridiani.</strong></span> <span class='ocrx_word' id='word_1_82' title='bbox 710 1685 744 1751; x_wconf 90' lang='lat' dir='ltr'>A</span> <span class='ocrx_word' id='word_1_83' title='bbox 766 1684 951 1752; x_wconf 89' lang='lat' dir='ltr'><strong>oonsulibus</strong></span> <span class='ocrx_word' id='word_1_84' title='bbox 972 1707 1074 1770; x_wconf 90' lang='lat' dir='ltr'><strong>usque</strong></span> <span class='ocrx_word' id='word_1_85' title='bbox 1102 1688 1136 1752; x_wconf 92' lang='lat' dir='ltr'><strong>in</strong></span> <span class='ocrx_word' id='word_1_86' title='bbox 1159 1688 1348 1756; x_wconf 89' lang='lat' dir='ltr'><strong>oonsulibus</strong></span> 
     </span>
     <span class='ocr_line' id='line_1_13' title="bbox 234 1785 1374 1876; baseline 0.004 -24"><span class='ocrx_word' id='word_1_87' title='bbox 234 1788 378 1875; x_wconf 84' lang='lat' dir='ltr'><strong>Augusti</strong></span> <span class='ocrx_word' id='word_1_88' title='bbox 391 1786 452 1853; x_wconf 89' lang='lat' dir='ltr'><strong>IV.</strong></span> <span class='ocrx_word' id='word_1_89' title='bbox 476 1796 509 1854; x_wconf 90' lang='lat' dir='ltr'><strong>et</strong></span> <span class='ocrx_word' id='word_1_90' title='bbox 524 1785 653 1856; x_wconf 88' lang='lat' dir='ltr'><strong>Crasso.</strong></span> <span class='ocrx_word' id='word_1_91' title='bbox 678 1809 761 1853; x_wconf 88' lang='lat' dir='ltr'><strong>anno</strong></span> <span class='ocrx_word' id='word_1_92' title='bbox 776 1789 876 1856; x_wconf 91' lang='lat' dir='ltr'><strong>XXI.</strong></span> <span class='ocrx_word' id='word_1_93' title='bbox 892 1798 927 1854; x_wconf 89' lang='lat' dir='ltr'><strong>et</strong></span> <span class='ocrx_word' id='word_1_94' title='bbox 941 1792 1251 1876; x_wconf 81' lang='lat' dir='ltr'><strong>mensumquinque,</strong></span> <span class='ocrx_word' id='word_1_95' title='bbox 1272 1789 1348 1857; x_wconf 86' lang='lat' dir='ltr'><strong>die-</strong></span> <span class='ocrx_word' id='word_1_96' title='bbox 1373 1817 1374 1842; x_wconf 28' lang='lat' dir='ltr'><strong>a</strong></span> 
     </span>
     <span class='ocr_line' id='line_1_14' title="bbox 234 1889 1348 1961; baseline 0.005 -6"><span class='ocrx_word' id='word_1_97' title='bbox 234 1889 295 1956; x_wconf 92' lang='lat' dir='ltr'><strong>bus</strong></span> <span class='ocrx_word' id='word_1_98' title='bbox 317 1914 442 1957; x_wconf 89' lang='lat' dir='ltr'><strong>novem.</strong></span> <span class='ocrx_word' id='word_1_99' title='bbox 465 1893 571 1958; x_wconf 89' lang='lat' dir='ltr'><strong>oriens</strong></span> <span class='ocrx_word' id='word_1_100' title='bbox 594 1890 756 1958; x_wconf 88' lang='lat' dir='ltr'><strong>dimensus</strong></span> <span class='ocrx_word' id='word_1_101' title='bbox 779 1902 837 1958; x_wconf 90' lang='lat' dir='ltr'><strong>est.</strong></span> <span class='ocrx_word' id='word_1_102' title='bbox 882 1893 929 1958; x_wconf 84' lang='lat' dir='ltr'><strong>Et</strong></span> <span class='ocrx_word' id='word_1_103' title='bbox 951 1917 970 1958; x_wconf 87' lang='lat' dir='ltr'><strong>a</strong></span> <span class='ocrx_word' id='word_1_104' title='bbox 993 1894 1175 1960; x_wconf 85' lang='lat' dir='ltr'><strong>consulibus</strong></span> <span class='ocrx_word' id='word_1_105' title='bbox 1201 1895 1267 1961; x_wconf 89' lang='lat' dir='ltr'><strong>suis</strong></span> <span class='ocrx_word' id='word_1_106' title='bbox 1288 1919 1348 1961; x_wconf 91' lang='lat' dir='ltr'><strong>us-</strong></span> 
     </span>
     <span class='ocr_line' id='line_1_15' title="bbox 235 1994 1346 2084; baseline 0.005 -25"><span class='ocrx_word' id='word_1_107' title='bbox 235 2017 297 2079; x_wconf 89' lang='lat' dir='ltr'><strong>que</strong></span> <span class='ocrx_word' id='word_1_108' title='bbox 319 1996 352 2061; x_wconf 91' lang='lat' dir='ltr'><strong>in</strong></span> <span class='ocrx_word' id='word_1_109' title='bbox 375 1995 558 2062; x_wconf 78' lang='lat' dir='ltr'><strong>consulibus</strong></span> <span class='ocrx_word' id='word_1_110' title='bbox 580 1997 723 2084; x_wconf 85' lang='lat' dir='ltr'><strong>Augusti</strong></span> <span class='ocrx_word' id='word_1_111' title='bbox 738 1994 816 2062; x_wconf 88' lang='lat' dir='ltr'><strong>VH.</strong></span> <span class='ocrx_word' id='word_1_112' title='bbox 842 2005 874 2062; x_wconf 91' lang='lat' dir='ltr'><strong>et</strong></span> <span class='ocrx_word' id='word_1_113' title='bbox 895 1998 1064 2084; x_wconf 86' lang='lat' dir='ltr'><strong>Agrippae</strong></span> <span class='ocrx_word' id='word_1_114' title='bbox 1086 2021 1184 2063; x_wconf 89' lang='lat' dir='ltr'><strong>annos</strong></span> <span class='ocrx_word' id='word_1_115' title='bbox 1206 1998 1346 2064; x_wconf 84' lang='lat' dir='ltr'>XXVI.</span> 
     </span>
     <span class='ocr_line' id='line_1_16' title="bbox 233 2097 1375 2185; baseline 0.002 -21"><span class='ocrx_word' id='word_1_116' title='bbox 233 2122 378 2165; x_wconf 90' lang='lat' dir='ltr'><strong>mensum</strong></span> <span class='ocrx_word' id='word_1_117' title='bbox 392 2099 455 2164; x_wconf 91' lang='grc' dir='ltr'><strong>ΠΙ.</strong></span> <span class='ocrx_word' id='word_1_118' title='bbox 472 2098 585 2165; x_wconf 89' lang='lat' dir='ltr'><strong>diebus</strong></span> <span class='ocrx_word' id='word_1_119' title='bbox 600 2099 715 2164; x_wconf 89' lang='lat' dir='ltr'>XVII.</span> <span class='ocrx_word' id='word_1_120' title='bbox 733 2098 860 2165; x_wconf 90' lang='lat' dir='ltr'><strong>occidui</strong></span> <span class='ocrx_word' id='word_1_121' title='bbox 873 2121 949 2185; x_wconf 88' lang='lat' dir='ltr'><strong>pars</strong></span> <span class='ocrx_word' id='word_1_122' title='bbox 965 2097 1108 2164; x_wconf 89' lang='lat' dir='ltr'><strong>dimensa</strong></span> <span class='ocrx_word' id='word_1_123' title='bbox 1122 2107 1181 2164; x_wconf 87' lang='lat' dir='ltr'><strong>est.</strong></span> <span class='ocrx_word' id='word_1_124' title='bbox 1214 2103 1249 2166; x_wconf 93' lang='lat' dir='ltr'><strong>A</strong></span> <span class='ocrx_word' id='word_1_125' title='bbox 1266 2124 1348 2168; x_wconf 86' lang='lat' dir='ltr'><strong>con·</strong></span> <span class='ocrx_word' id='word_1_126' title='bbox 1374 2120 1375 2180; x_wconf 62' lang='lat' dir='ltr'><strong>t</strong></span> 
     </span>
     <span class='ocr_line' id='line_1_17' title="bbox 234 2185 1375 2288; baseline 0.004 -22"><span class='ocrx_word' id='word_1_127' title='bbox 234 2201 355 2267; x_wconf 91' lang='lat' dir='ltr'><strong>sulibus</strong></span> <span class='ocrx_word' id='word_1_128' title='bbox 371 2204 436 2268; x_wconf 87' lang='lat' dir='ltr'><strong>suis</strong></span> <span class='ocrx_word' id='word_1_129' title='bbox 450 2225 552 2287; x_wconf 88' lang='lat' dir='ltr'><strong>usque</strong></span> <span class='ocrx_word' id='word_1_130' title='bbox 567 2204 600 2269; x_wconf 91' lang='lat' dir='ltr'><strong>in</strong></span> <span class='ocrx_word' id='word_1_131' title='bbox 615 2205 814 2269; x_wconf 88' lang='lat' dir='ltr'><strong>consolatum</strong></span> <span class='ocrx_word' id='word_1_132' title='bbox 825 2202 966 2288; x_wconf 86' lang='lat' dir='ltr'><strong>Augusti</strong></span> <span class='ocrx_word' id='word_1_133' title='bbox 976 2200 1023 2266; x_wconf 87' lang='lat' dir='ltr'><strong>X.</strong></span> <span class='ocrx_word' id='word_1_134' title='bbox 1040 2224 1139 2267; x_wconf 85' lang='lat' dir='ltr'><strong>annos</strong></span> <span class='ocrx_word' id='word_1_135' title='bbox 1150 2202 1348 2271; x_wconf 86' lang='lat' dir='ltr'><strong>XXVIIII.</strong></span> <span class='ocrx_word' id='word_1_136' title='bbox 1374 2185 1375 2210; x_wconf 47' lang='lat'><strong>³</strong></span> 
     </span>
     <span class='ocr_line' id='line_1_18' title="bbox 233 2303 1352 2395; baseline 0.007 -28"><span class='ocrx_word' id='word_1_137' title='bbox 233 2305 396 2371; x_wconf 90' lang='lat' dir='ltr'><strong>mensibus</strong></span> <span class='ocrx_word' id='word_1_138' title='bbox 487 2308 755 2393; x_wconf 83' lang='lat' dir='ltr'><strong>septemtrionalis</strong></span> <span class='ocrx_word' id='word_1_139' title='bbox 769 2328 844 2395; x_wconf 87' lang='lat' dir='ltr'><strong>pars</strong></span> <span class='ocrx_word' id='word_1_140' title='bbox 859 2303 1001 2369; x_wconf 87' lang='lat' dir='ltr'><strong>dimensa</strong></span> <span class='ocrx_word' id='word_1_141' title='bbox 1017 2311 1074 2368; x_wconf 83' lang='lat' dir='ltr'><strong>est.</strong></span> <span class='ocrx_word' id='word_1_142' title='bbox 1105 2305 1140 2368; x_wconf 90' lang='lat' dir='ltr'><strong>A</strong></span> <span class='ocrx_word' id='word_1_143' title='bbox 1155 2307 1352 2375; x_wconf 89' lang='lat' dir='ltr'><strong>consulibus</strong></span> 
     </span>
     <span class='ocr_line' id='line_1_19' title="bbox 234 2404 1351 2495; baseline 0.004 -23"><span class='ocrx_word' id='word_1_144' title='bbox 234 2407 300 2472; x_wconf 90' lang='lat' dir='ltr'><strong>suis</strong></span> <span class='ocrx_word' id='word_1_145' title='bbox 321 2431 422 2495; x_wconf 90' lang='lat' dir='ltr'><strong>usque</strong></span> <span class='ocrx_word' id='word_1_146' title='bbox 444 2412 477 2477; x_wconf 92' lang='lat' dir='ltr'><strong>in</strong></span> <span class='ocrx_word' id='word_1_147' title='bbox 499 2411 702 2477; x_wconf 91' lang='lat' dir='ltr'><strong>consulatum</strong></span> <span class='ocrx_word' id='word_1_148' title='bbox 725 2408 888 2480; x_wconf 87' lang='lat' dir='ltr'><strong>Saturnini</strong></span> <span class='ocrx_word' id='word_1_149' title='bbox 911 2417 943 2473; x_wconf 89' lang='lat' dir='ltr'><strong>et</strong></span> <span class='ocrx_word' id='word_1_150' title='bbox 965 2404 1087 2473; x_wconf 83' lang='lat' dir='ltr'><strong>Cinnae</strong></span> <span class='ocrx_word' id='word_1_151' title='bbox 1109 2405 1199 2470; x_wconf 87' lang='lat' dir='ltr'><strong>annis</strong></span> <span class='ocrx_word' id='word_1_152' title='bbox 1216 2407 1351 2477; x_wconf 90' lang='lat' dir='ltr'><strong>XXII.</strong></span> 
     </span>
     <span class='ocr_line' id='line_1_20' title="bbox 232 2503 1354 2600; baseline 0.002 -24"><span class='ocrx_word' id='word_1_153' title='bbox 232 2535 340 2578; x_wconf 91' lang='lat' dir='ltr'><strong>mense</strong></span> <span class='ocrx_word' id='word_1_154' title='bbox 362 2538 426 2581; x_wconf 92' lang='lat' dir='ltr'><strong>uno</strong></span> <span class='ocrx_word' id='word_1_155' title='bbox 450 2515 562 2582; x_wconf 90' lang='lat' dir='ltr'><strong>diebus</strong></span> <span class='ocrx_word' id='word_1_156' title='bbox 576 2515 658 2580; x_wconf 91' lang='lat' dir='ltr'><strong>XX.</strong></span> <span class='ocrx_word' id='word_1_157' title='bbox 675 2515 843 2582; x_wconf 91' lang='lat' dir='ltr'><strong>meridiani</strong></span> <span class='ocrx_word' id='word_1_158' title='bbox 864 2535 940 2600; x_wconf 90' lang='lat' dir='ltr'><strong>pars</strong></span> <span class='ocrx_word' id='word_1_159' title='bbox 964 2510 1106 2577; x_wconf 88' lang='lat' dir='ltr'><strong>dimensa</strong></span> <span class='ocrx_word' id='word_1_160' title='bbox 1127 2517 1182 2574; x_wconf 89' lang='lat' dir='ltr'><strong>est.</strong></span> <span class='ocrx_word' id='word_1_161' title='bbox 1221 2503 1354 2578; x_wconf 82' lang='lat' dir='ltr'><strong>Omnis</strong></span> 
     </span>
    </p>
   </div>
   <div class='ocr_carea' id='block_1_3' title="bbox 232 2609 1350 2810">
    <p class='ocr_par' dir='ltr' id='par_1_5' title="bbox 232 2609 1350 2810">
     <span class='ocr_line' id='line_1_21' title="bbox 233 2609 1350 2686; baseline 0 -5"><span class='ocrx_word' id='word_1_162' title='bbox 233 2615 320 2682; x_wconf 91' lang='lat' dir='ltr'><strong>orbis</strong></span> <span class='ocrx_word' id='word_1_163' title='bbox 333 2617 431 2684; x_wconf 88' lang='lat' dir='ltr'><strong>habet</strong></span> <span class='ocrx_word' id='word_1_164' title='bbox 442 2619 544 2686; x_wconf 87' lang='lat' dir='ltr'><strong>maria</strong></span> <span class='ocrx_word' id='word_1_165' title='bbox 554 2619 723 2685; x_wconf 90' lang='lat' dir='ltr'><strong>XXVHI.</strong></span> <span class='ocrx_word' id='word_1_166' title='bbox 740 2618 861 2684; x_wconf 85' lang='lat' dir='ltr'><strong>insulas</strong></span> <span class='ocrx_word' id='word_1_167' title='bbox 871 2614 1038 2681; x_wconf 87' lang='lat' dir='ltr'><strong>LXXIV.</strong></span> <span class='ocrx_word' id='word_1_168' title='bbox 1051 2622 1175 2680; x_wconf 91' lang='lat' dir='ltr'><strong>montes</strong></span> <span class='ocrx_word' id='word_1_169' title='bbox 1186 2609 1350 2680; x_wconf 89' lang='lat' dir='ltr'><strong>XXXV.</strong></span> 
     </span>
     <span class='ocr_line' id='line_1_22' title="bbox 232 2715 1350 2810; baseline 0.002 -28"><span class='ocrx_word' id='word_1_170' title='bbox 232 2721 410 2805; x_wconf 88' lang='lat' dir='ltr'><strong>provintias</strong></span> <span class='ocrx_word' id='word_1_171' title='bbox 437 2722 551 2787; x_wconf 90' lang='lat' dir='ltr'><strong>LXX.</strong></span> <span class='ocrx_word' id='word_1_172' title='bbox 592 2719 712 2810; x_wconf 86' lang='lat' dir='ltr'><strong>oppida</strong></span> <span class='ocrx_word' id='word_1_173' title='bbox 745 2716 935 2782; x_wconf 88' lang='lat' dir='ltr'><strong>CCLXIV.</strong></span> <span class='ocrx_word' id='word_1_174' title='bbox 969 2716 1085 2781; x_wconf 88' lang='lat' dir='ltr'><strong>fluvios</strong></span> <span class='ocrx_word' id='word_1_175' title='bbox 1116 2715 1192 2779; x_wconf 92' lang='lat' dir='ltr'><strong>LII.</strong></span> <span class='ocrx_word' id='word_1_176' title='bbox 1228 2727 1350 2802; x_wconf 88' lang='lat' dir='ltr'><strong>gentes</strong></span> 
     </span>
    </p>
   </div>
   <div class='ocr_carea' id='block_1_4' title="bbox 235 2818 449 2888">
    <p class='ocr_par' dir='ltr' id='par_1_6' title="bbox 235 2818 449 2888">
     <span class='ocr_line' id='line_1_23' title="bbox 235 2818 449 2888; baseline 0.014 -3"><span class='ocrx_word' id='word_1_177' title='bbox 235 2818 449 2888; x_wconf 85' lang='lat' dir='ltr'><strong>CXXVIIII.</strong></span> 
     </span>
    </p>
   </div>
   <div class='ocr_carea' id='block_1_5' title="bbox 611 2991 957 3050">
    <p class='ocr_par' dir='ltr' id='par_1_7' title="bbox 611 2991 957 3050">
     <span class='ocr_line' id='line_1_24' title="bbox 611 2991 957 3050; baseline -0.026 0"><span class='ocrx_word' id='word_1_178' title='bbox 611 2998 741 3050; x_wconf 82' lang='lat' dir='ltr'><strong>INCIPIT</strong></span> <span class='ocrx_word' id='word_1_179' title='bbox 763 2991 957 3046; x_wconf 82' lang='lat' dir='ltr'><strong>EXPOSITIO.</strong></span> 
     </span>
    </p>
   </div>
   <div class='ocr_carea' id='block_1_6' title="bbox 233 3103 1346 3821">
    <p class='ocr_par' dir='ltr' id='par_1_8' title="bbox 234 3103 1346 3405">
     <span class='ocr_line' id='line_1_25' title="bbox 323 3103 1344 3178; baseline -0.003 -4"><span class='ocrx_word' id='word_1_180' title='bbox 323 3106 439 3175; x_wconf 91' lang='lat' dir='ltr'><strong>Oriens</strong></span> <span class='ocrx_word' id='word_1_181' title='bbox 466 3112 564 3178; x_wconf 89' lang='lat' dir='ltr'><strong>habet</strong></span> <span class='ocrx_word' id='word_1_182' title='bbox 592 3111 693 3176; x_wconf 88' lang='lat' dir='ltr'><strong>maria</strong></span> <span class='ocrx_word' id='word_1_183' title='bbox 720 3117 805 3174; x_wconf 91' lang='lat' dir='ltr'><strong>octo.</strong></span> <span class='ocrx_word' id='word_1_184' title='bbox 835 3105 958 3172; x_wconf 89' lang='lat' dir='ltr'><strong>insulas</strong></span> <span class='ocrx_word' id='word_1_185' title='bbox 979 3103 1075 3170; x_wconf 88' lang='lat' dir='ltr'><strong>VIII.</strong></span> <span class='ocrx_word' id='word_1_186' title='bbox 1111 3111 1237 3168; x_wconf 90' lang='lat' dir='ltr'><strong>montes</strong></span> <span class='ocrx_word' id='word_1_187' title='bbox 1261 3103 1344 3171; x_wconf 89' lang='lat' dir='ltr'><strong>VH.</strong></span> 
     </span>
     <span class='ocr_line' id='line_1_26' title="bbox 234 3206 1346 3303; baseline -0.002 -27"><span class='ocrx_word' id='word_1_188' title='bbox 234 3212 411 3298; x_wconf 85' lang='lat' dir='ltr'><strong>provintias</strong></span> <span class='ocrx_word' id='word_1_189' title='bbox 432 3212 509 3280; x_wconf 92' lang='lat' dir='ltr'><strong>VII.</strong></span> <span class='ocrx_word' id='word_1_190' title='bbox 540 3215 660 3303; x_wconf 90' lang='lat' dir='ltr'><strong>oppida</strong></span> <span class='ocrx_word' id='word_1_191' title='bbox 683 3212 897 3301; x_wconf 88' lang='lat' dir='ltr'><strong>septuaginta.</strong></span> <span class='ocrx_word' id='word_1_192' title='bbox 927 3209 1060 3276; x_wconf 87' lang='lat' dir='ltr'><strong>flumina</strong></span> <span class='ocrx_word' id='word_1_193' title='bbox 1081 3206 1196 3274; x_wconf 90' lang='lat' dir='ltr'><strong>XVII.</strong></span> <span class='ocrx_word' id='word_1_194' title='bbox 1228 3219 1346 3294; x_wconf 86' lang='lat' dir='ltr'><strong>gentes</strong></span> 
     </span>
     <span class='ocr_line' id='line_1_27' title="bbox 235 3313 898 3405; baseline 0.002 -24"><span class='ocrx_word' id='word_1_195' title='bbox 235 3314 447 3405; x_wconf 84' lang='lat' dir='ltr'><strong>quadraginta</strong></span> <span class='ocrx_word' id='word_1_196' title='bbox 469 3340 534 3384; x_wconf 87' lang='lat' dir='ltr'><strong>sex.</strong></span> <span class='ocrx_word' id='word_1_197' title='bbox 892 3313 898 3317; x_wconf 70' lang='grc'><strong>’</strong></span> 
     </span>
    </p>

    <p class='ocr_par' dir='ltr' id='par_1_9' title="bbox 233 3413 1345 3716">
     <span class='ocr_line' id='line_1_28' title="bbox 322 3413 1345 3511; baseline -0.007 -24"><span class='ocrx_word' id='word_1_198' title='bbox 322 3417 484 3490; x_wconf 90' lang='lat' dir='ltr'><strong>Occidens</strong></span> <span class='ocrx_word' id='word_1_199' title='bbox 505 3447 581 3511; x_wconf 88' lang='lat' dir='ltr'><strong>pars</strong></span> <span class='ocrx_word' id='word_1_200' title='bbox 603 3420 825 3488; x_wconf 86' lang='lat' dir='ltr'><strong>habetmaria</strong></span> <span class='ocrx_word' id='word_1_201' title='bbox 845 3417 943 3485; x_wconf 89' lang='lat' dir='ltr'><strong>VIII.</strong></span> <span class='ocrx_word' id='word_1_202' title='bbox 970 3418 1090 3484; x_wconf 89' lang='lat' dir='ltr'><strong>insulas</strong></span> <span class='ocrx_word' id='word_1_203' title='bbox 1111 3413 1226 3481; x_wconf 90' lang='lat' dir='ltr'><strong>XVII.</strong></span> <span class='ocrx_word' id='word_1_204' title='bbox 1251 3438 1345 3482; x_wconf 91' lang='lat' dir='ltr'><strong>mon-</strong></span> 
     </span>
     <span class='ocr_line' id='line_1_29' title="bbox 233 3517 1343 3614; baseline -0.005 -26"><span class='ocrx_word' id='word_1_205' title='bbox 233 3533 282 3589; x_wconf 91' lang='lat' dir='ltr'><strong>tes</strong></span> <span class='ocrx_word' id='word_1_206' title='bbox 294 3525 406 3590; x_wconf 91' lang='lat' dir='ltr'><strong>VIIII.</strong></span> <span class='ocrx_word' id='word_1_207' title='bbox 430 3529 607 3613; x_wconf 87' lang='lat' dir='ltr'><strong>provintias</strong></span> <span class='ocrx_word' id='word_1_208' title='bbox 621 3524 756 3592; x_wconf 89' lang='lat' dir='ltr'><strong>XXIH.</strong></span> <span class='ocrx_word' id='word_1_209' title='bbox 781 3523 903 3614; x_wconf 91' lang='lat' dir='ltr'><strong>oppida</strong></span> <span class='ocrx_word' id='word_1_210' title='bbox 916 3520 1099 3590; x_wconf 88' lang='lat' dir='ltr'><strong>LXXVII.</strong></span> <span class='ocrx_word' id='word_1_211' title='bbox 1116 3517 1231 3581; x_wconf 87' lang='lat' dir='ltr'><strong>fluvios</strong></span> <span class='ocrx_word' id='word_1_212' title='bbox 1241 3518 1343 3584; x_wconf 91' lang='lat' dir='ltr'><strong>XIV.</strong></span> 
     </span>
     <span class='ocr_line' id='line_1_30' title="bbox 233 3629 629 3716; baseline 0.005 -22"><span class='ocrx_word' id='word_1_213' title='bbox 233 3637 345 3716; x_wconf 86' lang='lat' dir='ltr'><strong>gentes</strong></span> <span class='ocrx_word' id='word_1_214' title='bbox 366 3629 439 3696; x_wconf 92' lang='lat' dir='ltr'><strong>XX</strong></span> <span class='ocrx_word' id='word_1_215' title='bbox 461 3642 494 3698; x_wconf 87' lang='lat' dir='ltr'><strong>et</strong></span> <span class='ocrx_word' id='word_1_216' title='bbox 515 3631 629 3698; x_wconf 90' lang='lat' dir='ltr'><strong>VIIII.</strong></span> 
     </span>
    </p>

    <p class='ocr_par' dir='ltr' id='par_1_10' title="bbox 323 3723 1344 3821">
     <span class='ocr_line' id='line_1_31' title="bbox 323 3723 1344 3821; baseline -0.009 -20"><span class='ocrx_word' id='word_1_217' title='bbox 323 3733 588 3820; x_wconf 86' lang='lat' dir='ltr'><strong>Septentrionalis</strong></span> <span class='ocrx_word' id='word_1_218' title='bbox 611 3758 686 3821; x_wconf 90' lang='lat' dir='ltr'><strong>pars</strong></span> <span class='ocrx_word' id='word_1_219' title='bbox 708 3735 807 3801; x_wconf 86' lang='lat' dir='ltr'><strong>habet</strong></span> <span class='ocrx_word' id='word_1_220' title='bbox 828 3730 929 3798; x_wconf 86' lang='lat' dir='ltr'><strong>maria</strong></span> <span class='ocrx_word' id='word_1_221' title='bbox 949 3723 993 3787; x_wconf 87' lang='lat' dir='ltr'><strong>X.</strong></span> <span class='ocrx_word' id='word_1_222' title='bbox 1018 3729 1071 3787; x_wconf 88' lang='lat' dir='ltr'><strong>cet</strong></span> <span class='ocrx_word' id='word_1_223' title='bbox 1072 3767 1203 3786; x_wconf 91' lang='grc'><strong>.....</strong></span> <span class='ocrx_word' id='word_1_224' title='bbox 1228 3735 1344 3810; x_wconf 85' lang='lat' dir='ltr'><strong>gentes</strong></span> 
     </span>
    </p>
   </div>
   <div class='ocr_carea' id='block_1_7' title="bbox 233 3838 1342 4028">
    <p class='ocr_par' dir='ltr' id='par_1_11' title="bbox 233 3838 1342 4028">
     <span class='ocr_line' id='line_1_32' title="bbox 233 3838 1342 4028; baseline -0.017 -16"><span class='ocrx_word' id='word_1_225' title='bbox 233 3838 504 4012; x_wconf 47' lang='lat' dir='ltr'><strong>XXdItIiIridiana</strong></span> <span class='ocrx_word' id='word_1_226' title='bbox 525 3965 601 4028; x_wconf 88' lang='lat' dir='ltr'><strong>pars</strong></span> <span class='ocrx_word' id='word_1_227' title='bbox 622 3941 721 4008; x_wconf 88' lang='lat' dir='ltr'><strong>habet</strong></span> <span class='ocrx_word' id='word_1_228' title='bbox 740 3937 841 4002; x_wconf 90' lang='lat' dir='ltr'><strong>maria</strong></span> <span class='ocrx_word' id='word_1_229' title='bbox 854 3930 899 3997; x_wconf 92' lang='grc' dir='ltr'><strong>Π.</strong></span> <span class='ocrx_word' id='word_1_230' title='bbox 917 3938 1003 3996; x_wconf 86' lang='lat' dir='ltr'><strong>oet..</strong></span> <span class='ocrx_word' id='word_1_231' title='bbox 1028 3977 1035 3992; x_wconf 96' lang='lat'><strong>.</strong></span> <span class='ocrx_word' id='word_1_232' title='bbox 1059 3938 1172 4017; x_wconf 84' lang='lat' dir='ltr'><strong>gentes</strong></span> <span class='ocrx_word' id='word_1_233' title='bbox 1185 3930 1342 4000; x_wconf 90' lang='grc' dir='ltr'><strong>ΧΧΠΠ.</strong></span> 
     </span>
    </p>
   </div>
   <div class='ocr_carea' id='block_1_8' title="bbox 235 4066 435 4081">
    <p class='ocr_par' dir='ltr' id='par_1_12' title="bbox 235 4066 435 4081">
     <span class='ocr_line' id='line_1_33' title="bbox 235 4066 435 4081; baseline -0.005 0"><span class='ocrx_word' id='word_1_234' title='bbox 235 4066 435 4081; x_wconf 48' lang='grc' dir='ltr'><strong>Μ</strong></span> 
     </span>
    </p>
   </div>
   <div class='ocr_carea' id='block_1_9' title="bbox 234 4114 1342 4267">
    <p class='ocr_par' dir='ltr' id='par_1_13' title="bbox 234 4114 1342 4267">
     <span class='ocr_line' id='line_1_34' title="bbox 306 4114 1342 4185; baseline -0.005 -13"><span class='ocrx_word' id='word_1_235' title='bbox 306 4123 373 4185; x_wconf 84' lang='grc'>127)</span> <span class='ocrx_word' id='word_1_236' title='bbox 393 4127 457 4177; x_wconf 87' lang='lat' dir='ltr'><strong>Cod.</strong></span> <span class='ocrx_word' id='word_1_237' title='bbox 477 4125 593 4176; x_wconf 86' lang='lat' dir='ltr'><strong>Vaticen.</strong></span> <span class='ocrx_word' id='word_1_238' title='bbox 614 4119 691 4173; x_wconf 71' lang='lat'><strong>386⁴.</strong></span> <span class='ocrx_word' id='word_1_239' title='bbox 710 4132 776 4168; x_wconf 85' lang='lat' dir='ltr'><strong>saec.</strong></span> <span class='ocrx_word' id='word_1_240' title='bbox 793 4116 826 4166; x_wconf 89' lang='lat' dir='ltr'><strong>X.</strong></span> <span class='ocrx_word' id='word_1_241' title='bbox 851 4114 922 4164; x_wconf 87' lang='lat' dir='ltr'><strong>cuius</strong></span> <span class='ocrx_word' id='word_1_242' title='bbox 944 4125 1061 4174; x_wconf 76' lang='lat' dir='ltr'>maguam</span> <span class='ocrx_word' id='word_1_243' title='bbox 1084 4119 1181 4175; x_wconf 85' lang='lat' dir='ltr'><strong>partem</strong></span> <span class='ocrx_word' id='word_1_244' title='bbox 1203 4116 1278 4166; x_wconf 83' lang='lat' dir='ltr'><strong>nobIs</strong></span> <span class='ocrx_word' id='word_1_245' title='bbox 1297 4131 1342 4167; x_wconf 87' lang='lat' dir='ltr'><strong>ex-</strong></span> 
     </span>
     <span class='ocr_line' id='line_1_35' title="bbox 234 4197 1342 4267; baseline -0.001 -14"><span class='ocrx_word' id='word_1_246' title='bbox 234 4207 328 4267; x_wconf 85' lang='lat' dir='ltr'><strong>cerpsit</strong></span> <span class='ocrx_word' id='word_1_247' title='bbox 344 4209 376 4257; x_wconf 91' lang='lat' dir='ltr'><strong>V.</strong></span> <span class='ocrx_word' id='word_1_248' title='bbox 398 4209 436 4259; x_wconf 89' lang='lat' dir='ltr'><strong>Cl.</strong></span> <span class='ocrx_word' id='word_1_249' title='bbox 456 4213 552 4262; x_wconf 81' lang='lat' dir='ltr'><strong>Ludov.</strong></span> <span class='ocrx_word' id='word_1_250' title='bbox 573 4211 724 4265; x_wconf 78' lang='lat' dir='ltr'><strong>Bethmmn,</strong></span> <span class='ocrx_word' id='word_1_251' title='bbox 743 4203 790 4252; x_wconf 90' lang='lat' dir='ltr'><strong>Ph.</strong></span> <span class='ocrx_word' id='word_1_252' title='bbox 809 4201 864 4262; x_wconf 74' lang='lat' dir='ltr'><strong>Du,</strong></span> <span class='ocrx_word' id='word_1_253' title='bbox 884 4200 928 4250; x_wconf 80' lang='lat' dir='ltr'><strong>cfr.</strong></span> <span class='ocrx_word' id='word_1_254' title='bbox 949 4197 1025 4248; x_wconf 73' lang='lat' dir='ltr'><strong>edam</strong></span> <span class='ocrx_word' id='word_1_255' title='bbox 1043 4199 1108 4248; x_wconf 89' lang='lat' dir='ltr'><strong>Mus.</strong></span> <span class='ocrx_word' id='word_1_256' title='bbox 1127 4199 1241 4250; x_wconf 85' lang='lat' dir='ltr'><strong>Rhenan.</strong></span> <span class='ocrx_word' id='word_1_257' title='bbox 1263 4199 1342 4252; x_wconf 74' lang='lat'><strong>1842.</strong></span> 
     </span>
    </p>
   </div>
   <div class='ocr_carea' id='block_1_10' title="bbox 232 4289 363 4357">
    <p class='ocr_par' dir='ltr' id='par_1_14' title="bbox 232 4289 363 4357">
     <span class='ocr_line' id='line_1_36' title="bbox 232 4289 363 4357; baseline -0.015 -15"><span class='ocrx_word' id='word_1_258' title='bbox 232 4307 289 4357; x_wconf 82' lang='lat' dir='ltr'><strong>pag.</strong></span> <span class='ocrx_word' id='word_1_259' title='bbox 305 4289 363 4341; x_wconf 77' lang='grc'><strong>489.</strong></span> 
     </span>
    </p>
   </div>
   <div class='ocr_carea' id='block_1_11' title="bbox 0 0 1396 5106">
    <p class='ocr_par' dir='ltr' id='par_1_15' title="bbox 0 0 1396 5106">
     <span class='ocr_line' id='line_1_37' title="bbox 0 0 1396 5106; baseline 0 1"><span class='ocrx_word' id='word_1_260' title='bbox 0 0 1396 5106; x_wconf 95' lang='lat' dir='ltr'><strong> </strong></span> 
     </span>
    </p>
   </div>
  </div>
 </body>
</html>
