2800 5088
724 487 766 557 96

194 667 281 732 bitur
302 667 335 732 in
357 633 568 752 praefationer
594 663 680 746 „Hic
702 663 860 730 Aethicus
880 661 979 728 Istria
1000 663 1130 750 regione
1150 661 1278 748 sophista
1372 528 1379 699 l

195 770 321 852 claruit,
343 768 528 855 primusque
546 766 674 832 codices
689 789 765 833 suos
780 765 1069 854 cosmographiam
1083 767 1276 852 nuncupavit:
1374 742 1379 789 ¹

193 872 283 954 alios,
306 891 386 954 quos
407 891 472 934 non
493 868 617 934 minora
639 867 696 934 sed
717 868 838 934 maiora
859 867 978 933 dixisse
994 865 1207 955 cognovimus,
1227 865 1282 934 So-
1357 796 1378 986 l

193 972 432 1060 phogrammios
463 972 641 1058 appellat“.
697 970 803 1037 Nobis
832 971 950 1038 librum
978 970 1068 1036 illum
1096 970 1200 1036 videre
1225 993 1283 1034 non
1371 1004 1376 1023 ι

195 1078 347 1164 contigit,
377 1073 434 1140 sed
461 1075 495 1138 in
521 1082 631 1139 nostro
660 1074 833 1161 exemplari
860 1073 923 1139 hoc
952 1073 993 1139 de
1019 1075 1075 1139 illo
1099 1073 1247 1140 iudicium
1269 1095 1287 1136 a
1371 1042 1378 1122 l

196 1183 264 1246 viro
292 1180 389 1244 docto
420 1177 608 1242 adnotatum
633 1177 709 1242 firit:
744 1179 860 1243 librum
883 1199 952 1243 esse
973 1177 1109 1242 barbare
1130 1177 1286 1260 scriptum,
1371 1136 1377 1233 l

194 1283 288 1370 nugis
311 1290 344 1348 et
364 1280 480 1346 fabulis
501 1280 664 1362 refertum,
687 1279 728 1344 de
749 1281 910 1346 creatione
924 1280 1046 1362 mundi,
1068 1278 1108 1344 de
1123 1279 1288 1360 elementis,
1372 1250 1377 1339 l

196 1386 236 1452 de
258 1384 457 1451 mirabilibus
478 1383 606 1466 mundi,
634 1391 696 1447 etc.
725 1384 833 1449 omnia
859 1383 993 1470 indigna
1013 1382 1224 1468 Hieronymo:
1253 1403 1287 1446 ec
1371 1366 1379 1424 l

193 1512 235 1554 ne
249 1488 382 1554 Aethici
405 1487 545 1571 quidem,
568 1487 719 1571 quoniam
740 1487 775 1551 in
796 1509 835 1552 eo
857 1487 938 1551 libro
958 1487 1027 1572 ipse
1042 1484 1199 1551 Aethicus
1211 1483 1291 1549 Ister
1372 1472 1376 1533 ἶ

194 1589 404 1678 philosophus
427 1611 523 1674 saepe
545 1591 664 1654 citetur
689 1598 722 1654 et
744 1588 945 1655 Alchimus“.

284 1798 400 1884 Neque
428 1821 505 1864 vero
528 1797 818 1888 Cosmographiam
845 1800 956 1866 Ethici
980 1800 1174 1888 ignorabant
1195 1798 1293 1864 diver·
1368 1768 1377 1918 l

195 1925 263 1969 sam
286 1925 356 1968 esse
379 1925 398 1966 a
418 1899 527 1967 libello
548 1902 624 1970 Iulii
642 1903 781 1969 Honorii
809 1902 957 1970 Oratoris
985 1905 1198 1970 recentiorum
1220 1901 1297 1967 Gui·
1368 1911 1383 1989 p*

194 2007 320 2071 lielmus
332 2003 553 2088 Camden²⁴⁶),
564 2007 726 2072 Antonius
736 2007 1005 2088 Possevinus²⁴⁷),
1019 2005 1120 2071 Gerh.
1132 2004 1203 2071 Ioh.
1217 2005 1298 2070 Vos-

196 2110 262 2175 sius
279 2111 360 2190 911),
383 2107 588 2172 Abrahamus
612 2107 846 2190 Ortelius²⁴⁹)‚
873 2107 1048 2173 Gualterus
1074 2107 1300 2196 Raleigh²⁵⁰),

197 2211 359 2296 Georgius
381 2207 526 2272 Hornius
538 2209 607 2291 ²⁵¹),
631 2206 822 2273 Guilielmus
837 2209 961 2274 Burton
971 2212 1040 2292 ²⁶²),
1056 2207 1219 2277 Claudius
1234 2210 1304 2279 Sal-

196 2341 394 2352 .....---———-
1376 2259 1380 2351 Ι

266 2401 336 2466 246)
354 2404 495 2468 Britannia,
514 2407 566 2464 sive
584 2387 820 2457 florentissimorum
836 2423 973 2471 regnorum
989 2407 1108 2471 Angliee,
1126 2408 1246 2471 Sentias,
1262 2411 1309 2460 Bi·
1373 2386 1382 2552 ὶ

196 2493 299 2542 berniae
323 2499 348 2540 et
370 2491 509 2540 insularum
530 2493 700 2542 adiacentium
718 2507 751 2542 ex
768 2495 857 2544 intima
874 2496 1022 2558 antiquitate
1041 2495 1249 2560 chorographica
1268 2498 1310 2544 de-

196 2577 308 2640 scriptio.
344 2570 456 2626 Londini
483 2576 558 2628 1586.
590 2575 632 2627 8⁰.
661 2594 720 2644 pag.
739 2577 798 2630 549.
829 2581 881 2630 sive
903 2581 1020 2631 editionis
1043 2595 1089 2630 eae
1108 2595 1177 2642 quae
1195 2581 1309 2630 Londini
1376 2558 1383 2653 l

198 2663 275 2713 1707.
302 2664 329 2710 in
347 2662 391 2711 fol.
419 2665 521 2725 prodiit,
539 2679 597 2726 pag.
611 2661 671 2712 847.

267 2759 336 2823 247)
355 2762 462 2812 Antonii
483 2765 628 2826 Possevini,
652 2765 797 2826 Mantuani,
821 2766 915 2815 Societ.
933 2767 992 2814 Iesu
1015 2766 1199 2824 „Bibliotheca
1218 2768 1311 2816 selecta

197 2851 228 2898 de
251 2851 349 2899 ratione
372 2847 538 2898 studiorum“.
579 2848 702 2898 Coloniae
724 2850 881 2914 Agrippinae
905 2849 981 2900 1607.
1011 2853 1039 2900 in
1061 2851 1106 2900 sol.
1146 2853 1197 2902 cir.
1221 2855 1313 2902 librum

147 2969 148 2973 ,
197 2935 280 2986 XVII.
316 2937 358 2986 De
380 2936 453 3000 puisi
477 2943 502 2985 et
519 2936 624 3000 pictura.
660 2935 700 2984 Ibi
718 2937 786 2985 enim
804 2951 859 2999 cap.
877 2937 973 2986 XXIX.
991 2953 1049 3000 pag.
1062 2935 1130 2999 453,
1151 2939 1195 2989 in:
1221 2939 1312 2997 „Elon-

197 3024 246 3073 cho
268 3024 365 3086 aliquot
380 3023 526 3086 poetarum,
549 3022 592 3084 qui
614 3022 654 3070 vei
676 3022 801 3070 derebus
820 3023 911 3084 sacris,
933 3025 973 3074 vel
991 3031 1059 3073 certe
1078 3024 1152 3074 haud
1176 3023 1315 3076 obscoenis

197 3110 363 3172 scripserunt:
387 3107 461 3169 quive
479 3107 510 3154 de
532 3114 602 3158 recto
624 3109 733 3172 poeseos
751 3121 800 3156 usu
818 3107 942 3171 egerunt“
965 3109 1097 3160 Aethici
1117 3111 1315 3174 Cosmogra-

198 3194 273 3258 phia
289 3193 414 3241 laudatur.

268 3291 336 3358 248)
355 3297 396 3346 De
414 3295 540 3345 historicis
558 3297 656 3359 graecis
673 3297 717 3345 lib.
730 3296 775 3346 1v.
796 3312 850 3362 cap.
865 3295 907 3358 12,
925 3313 983 3362 pag.
996 3293 1056 3347 469.
1070 3328 1105 3336 -
1118 3299 1166 3350 De
1187 3298 1317 3350 historicis
1385 3253 1389 3273 a

197 3383 281 3433 latinis
300 3383 343 3432 lib.
356 3383 402 3444 111,
420 3397 479 3445 pars
496 3383 529 3431 11.
547 3396 605 3444 pag.
621 3379 679 3430 692.
700 3381 759 3432 693.
1389 3375 1390 3383 ’

269 3479 337 3542 249)
357 3481 502 3531 Thesaurus
525 3481 708 3542 geographiam
731 3484 875 3548 recognitus
899 3492 925 3532 et
946 3490 1047 3543 auctus,
1070 3483 1217 3535 Hanom'ac
1245 3483 1320 3534 1611.

197 3564 241 3615 4⁰.
260 3568 313 3616 vel:
333 3567 495 3626 „Thesaurus
513 3566 566 3614 sive
583 3566 685 3617 lexicon
703 3568 925 3635 geographicum“.
955 3569 1031 3617 Antv.
1052 3567 1135 3620 1596.
1170 3574 1204 3622 in
1222 3573 1273 3621 101.

268 3661 336 3727 259)
355 3667 453 3717 Walter
469 3666 589 3729 Raleigh‚
612 3668 722 3733 Knight:
752 3672 824 3730 „Tm
842 3671 963 3720 Historia
978 3669 1008 3718 01
1029 3669 1071 3718 the
1089 3671 1195 3722 World
1215 3675 1246 3722 in
1265 3673 1324 3721 Five

197 3750 311 3804 Booke“.
347 3752 458 3803 London
478 3751 554 3802 1652.
585 3754 612 3804 in
630 3755 674 3805 101.
706 3757 751 3806 cfr.
770 3758 846 3806 iib.I.
866 3755 979 3821 capili,
997 3751 1075 3813 §.10.
1094 3773 1163 3820 pag.
1180 3757 1230 3808 45.

269 3852 338 3917 251)
357 3855 398 3904 De
421 3855 560 3917 originibus
577 3855 737 3908 Americanis
760 3858 817 3908 libri
834 3858 880 3908 IV.
910 3858 998 3920 Hegea
1017 3855 1131 3906 Comitis
1162 3857 1252 3908 1652.
1285 3852 1327 3904 8⁰.

197 3943 241 3992 nbi
258 3944 316 3994 vide
333 3943 426 3993 iibmm
442 3942 494 4003 111,
515 3957 571 4006 cap.
587 3941 628 3992 15.
646 3958 704 4006 pag.
719 3941 778 3994 199.
809 3942 930 4000 „Ethicus
949 3941 1169 4006 Cosmogrephus
1190 3945 1331 4005 antiquus,

197 4030 311 4078 nondum
333 4030 430 4091 editus,
453 4029 525 4081 cuius
547 4029 752 4090 antiquissimum
774 4029 889 4078 codicem
909 4029 937 4076 in
954 4029 1107 4078 membranis
1131 4032 1277 4094 scriptum
1296 4027 1332 4074 bi·

198 4110 325 4164 bliotheca
338 4115 377 4165 cl.
390 4115 533 4168 Boxhomii
550 4115 625 4166 saniei
642 4115 723 4166 nostri
741 4113 832 4164 summi
851 4113 1052 4176 communicavit,
1070 4115 1103 4164 de
1118 4113 1249 4166 Turcis“
1265 4121 1318 4164 etc.

267 4209 335 4272 252)
354 4214 380 4263 Α
398 4223 570 4279 commentary
588 4229 623 4264 on
639 4214 792 4264 Antoninus'
808 4213 932 4277 Itinerary
1008 4230 1037 4266 so
1056 4215 1096 4266 iar
1116 4231 1153 4267 aa
1176 4219 1202 4268 it
1224 4230 1338 4268 concer-

197 4294 258 4345 neth
275 4295 382 4346 Britain.
418 4299 528 4350 Londin.
549 4297 626 4350 1658.
657 4299 702 4350 101.
731 4313 789 4363 pag.
803 4297 827 4348 5.
