2784 5106
779 489 823 556 42

252 684 349 747 quum
370 661 486 728 librum
508 681 602 728 suum
625 659 698 744 „De
721 681 870 728 mensura
892 659 978 726 orbis
996 664 1121 726 terrae“
1139 683 1236 745 anno,
1259 663 1343 728 utri-

250 763 361 848 detur,
384 765 459 834 825.
482 765 516 828 in
537 763 696 829 Hibernia
717 763 959 850 conscripserit,
984 763 1128 848 sequitur
1150 764 1296 830 codicem
1315 764 1343 826 il·

250 867 315 932 lum
338 865 612 954 cosmographiae
641 867 760 932 saeculi
788 866 852 932 IX.
881 865 973 932 initio
1003 866 1090 932 nullo
1119 866 1218 933 modo
1247 888 1343 933 recen-

249 969 362 1035 tiorem
383 969 491 1035 firisse.
535 969 588 1034 De
610 976 725 1034 nattua
747 977 854 1035 autem
876 969 1087 1055 manuscripti
1109 970 1179 1036 eius
1200 969 1276 1035 libri
1297 991 1344 1033 nos

250 1073 402 1138 certiores
423 1071 545 1136 faciunt
568 1092 649 1155 quae
671 1070 870 1137 laudavimus
887 1071 1010 1140 Dicuili
1031 1071 1181 1138 monachi
1204 1080 1344 1158 excerpta

248 1198 324 1263 pag.
340 1176 394 1244 26.
418 1175 471 1244 33.
495 1175 548 1242 34.
572 1175 625 1242 35.
649 1175 703 1242 36.
726 1174 780 1242 43.
803 1177 857 1240 55.
882 1175 935 1243 56.
959 1175 1011 1244 61.
1029 1175 1087 1242 64.
1103 1176 1155 1243 65.
1175 1177 1292 1261 quibus
1312 1196 1344 1239 er

248 1279 328 1346 locis
351 1278 429 1365 quid
451 1277 560 1364 colligi
582 1277 685 1362 possit
706 1277 771 1341 iam
793 1274 968 1344 videndum
989 1287 1047 1345 est.
1179 1333 1181 1340 ,
1365 1272 1366 1352 l

337 1383 383 1450 Et
409 1381 513 1469 primo
543 1379 671 1466 quidem
701 1377 991 1468 Cosmographiam
1017 1381 1051 1446 in
1080 1381 1193 1448 codice
1223 1405 1280 1449 suc
1306 1381 1344 1442 in·

250 1487 404 1572 scriptam
432 1485 570 1566 invenit,
598 1491 636 1548 ut
663 1481 805 1566 videtur,
832 1483 895 1549 ita:
934 1481 1052 1567 „mc
1078 1482 1344 1554 OOSMOGRA·

249 1587 374 1657 PHIA.
418 1586 501 1652 Iulio
524 1585 663 1652 Caesare
692 1594 725 1651 et
746 1585 862 1651 Marco
884 1587 1028 1652 Antonio
1059 1589 1267 1655 consulibus“
1291 1593 1343 1652 etc.

250 1700 321 1759 aut:
361 1687 479 1774 „mc
508 1685 884 1756 COSMOGRAPHIA
912 1692 946 1757 A
973 1687 1107 1758 IVLIO
1137 1687 1345 1760 CAESARE

250 1794 310 1860 ΕΤ
334 1790 501 1860 MARCO
523 1788 740 1858 ANTONIO
765 1789 890 1860 OOSS.
914 1792 1083 1861 FACTA.
1130 1793 1244 1864 Omnia
1265 1791 1345 1858 orbis

250 1901 458 1988 peragratur“
483 1903 545 1962 eto.
557 1895 614 1978 ¹⁶¹)

339 1999 434 2084 Quae
460 2023 557 2086 quum
583 2001 630 2066 ita
651 2000 716 2066 sint
738 2011 873 2088 apparet
895 2003 1041 2070 codicem
1062 2002 1223 2069 secundae
1245 2019 1345 2065 recen-

250 2105 349 2172 sionis
370 2105 479 2186 suisse,
501 2105 529 2170 si
550 2125 615 2168 non
636 2102 679 2168 ad
700 2103 854 2172 familiam
875 2109 931 2191 A„
954 2116 1060 2173 tamen
1084 2115 1171 2171 certa
1192 2104 1346 2192 pertinen-

250 2220 315 2273 tem
338 2206 381 2272 ad
401 2208 477 2272 fam.
493 2208 553 2290 B.‚
575 2206 611 2271 id
633 2206 720 2292 quod
744 2210 858 2276 ceteris
880 2209 967 2298 apud
988 2209 1152 2274 Dicuilum
1173 2209 1257 2274 locis
1280 2226 1348 2271 cou-

250 2311 405 2376 firmatur.
441 2309 593 2396 Sequitur
615 2311 699 2377 enim
721 2321 835 2380 auctor
856 2320 972 2396 noster,
996 2319 1031 2376 ut
1053 2310 1235 2376 accuratior
1257 2330 1349 2393 quae

251 2412 327 2479 dam
349 2411 625 2503 Cosmographiae
654 2437 727 2480 cum
750 2417 904 2484 Mensura
932 2415 999 2481 eius
1026 2412 1120 2478 docet
1141 2412 1369 2506 comparariqq

251 2517 424 2585 secundam
453 2520 581 2586 omnino
611 2519 844 2588 recensionem:
872 2520 1002 2587 tertiam
1029 2541 1121 2600 vero,
1148 2515 1213 2582 sive
1239 2513 1351 2600 vulga

250 2632 318 2689 tam
340 2621 647 2706 Pseudo-Aethici‚
676 2621 846 2690 lectionem
874 2625 942 2690 fere
970 2643 1141 2707 nusquam3
1170 2639 1235 2704 qua
1257 2615 1349 2682 dere

252 2725 445 2790 conferenda
472 2735 548 2790 sunt
575 2749 657 2812 quac
686 2725 727 2792 de
754 2727 832 2792 Nilo
860 2725 959 2789 fluvio
980 2728 1051 2806 ¹⁶²),
1087 2722 1128 2787 de
1155 2721 1272 2790 Malva
1288 2720 1347 2801 118),

251 2826 292 2893 de
314 2827 452 2894 Perusta
474 2829 549 2895 solis
571 2830 755 2914 inrnla¹⁶⁴),
777 2827 946 2912 excerpsit.
992 2825 1108 2910 Neque
1129 2832 1239 2892 tamen
1262 2823 1346 2892 buius

250 2932 444 3000 recensionis
465 2933 564 3002 libros
585 2933 632 3000 ita
646 2942 798 3018 sequutus
818 2951 887 2995 csse
901 2927 1041 3012 videtur,
1063 2936 1100 2996 ut
1114 2947 1344 3014 nonnumquam
1369 2917 1370 2956 ³

250 3045 307 3104 aut
328 3036 534 3123 paucioribus
555 3039 588 3104 in
611 3036 825 3122 descriptione
845 3032 952 3101 verbis
974 3055 1039 3098 non
1061 3033 1104 3098 sit
1125 3053 1213 3115 usus,
1238 3029 1344 3098 autlo
1369 3023 1370 3042 ¹

251 3161 307 3204 cos
329 3140 485 3224 quosdam
506 3165 571 3208 non
594 3140 785 3222 servaverit,
814 3138 870 3222 qui
892 3137 988 3203 iniis
1010 3138 1123 3204 saltem
1145 3135 1237 3202 libris
1262 3132 1343 3200 omit

251 3250 362 3308 tuntur
384 3265 518 3328 quorum
541 3245 688 3313 subtilior
711 3243 752 3312 ad
775 3263 834 3308 nos
856 3264 958 3327 usque
980 3241 1096 3308 notitia
1116 3237 1321 3326 peraccessit.

337 3347 460 3414 Verum
490 3349 651 3416 enimvero
678 3371 752 3434 pag.
776 3351 830 3415 55.
861 3347 914 3416 56.
944 3370 1027 3431 quae
1054 3344 1094 3411 de
1117 3341 1231 3431 Cypro
1260 3349 1344 3421 atque

251 3449 351 3519 Creta
371 3453 523 3541 legimus,
553 3461 586 3518 et
614 3473 695 3537 quae
724 3451 757 3514 in
780 3447 1039 3539 Oosmographia
1060 3448 1219 3516 invenisse
1242 3468 1277 3512 se
1298 3437 1343 3506 ad-

250 3553 358 3620 firmat
379 3555 503 3622 Dicuil:
536 3554 616 3622 haec
638 3554 671 3618 in
693 3553 808 3622 tertiae
829 3563 955 3622 tantum
978 3551 1172 3618 recensionis
1193 3549 1301 3628 libris,
1320 3547 1345 3604 et

250 3657 344 3723 inea
366 3659 494 3742 quidem
516 3668 609 3745 parte
630 3659 851 3744 inveniuntur,
881 3679 977 3742 quam
1003 3653 1197 3738 descriptam
1221 3675 1292 3720 esse
1311 3667 1342 3712 ex

134 3819 139 3825 .
252 3760 369 3830 Orosio
397 3763 567 3830 credimus.
620 3761 731 3865 Quare
759 3765 792 3827 in
821 3760 931 3826 codice
957 3755 1078 3820 Dicuili
1107 3757 1134 3822 si
1161 3756 1343 3844 tripertitam

325 3959 391 4024 161)
410 3961 455 4012 clr.
475 3959 568 4008 Dicuil.
588 3960 604 4008 l.
617 3974 639 4008 e.
657 3975 716 4023 pag.
730 3956 772 4006 26.
794 3953 861 4019 (cap.
874 3954 919 4004 VI.
931 3949 953 4012 ἓ.
967 3951 990 4002 3.
1010 3968 1064 4001 nro.
1078 3950 1115 4013 11.)
1136 3947 1344 4019 „Cosmograpbic

253 4058 317 4103 quac
335 4051 381 4098 cub
399 4047 465 4099 Iulio
485 4045 595 4098 Caesare
613 4053 638 4096 ct
656 4045 743 4095 Marco
762 4041 875 4092 Antonio
894 4039 1040 4092 concidibus
1059 4038 1127 4090 facta
1143 4037 1207 4090 est“.

324 4129 390 4190 162)
408 4135 424 4184 l.
439 4149 460 4182 c.
479 4147 537 4198 pag.
551 4130 593 4182 26.

324 4212 390 4275 163)
409 4217 426 4266 l.
440 4233 461 4266 c.
481 4235 539 4283 pag.
553 4217 595 4268 36.

325 4297 392 4360 161)
411 4302 426 4348 l.
441 4317 461 4350 c.
481 4318 538 4366 pag.
552 4302 594 4354 13.
