2800 5088
788 455 829 516 96

352 685 411 718 sano
454 657 565 728 Chris,
578 619 773 707 pompeam)
805 609 938 692 denique
953 605 1225 694 omencourt.
1256 613 1298 676 De

279 711 340 791 tern
408 679 444 822 bt
463 780 493 820 m
508 739 619 812 ›surdir'fl
637 727 696 788 ‚am
717 712 836 777 duobus
859 707 976 774 abhinc
998 710 1090 776 annis
1111 733 1159 777 nos
1178 713 1300 780 certiores
1335 707 1339 720 ’

272 783 578 925 Μῖἰεοζὲἑθῃωῑο
591 818 736 908 quaedam
752 835 847 897 quarn
861 808 998 900 legimus
1012 813 1062 878 in:
1088 813 1168 895 „The
1179 815 1303 903 Literary
1364 891 1366 908 κ

266 875 401 1032 &2233oe
424 947 485 1014 ,nd
497 922 621 1000 Journal
643 918 679 981 of
687 917 793 982 Beiles
807 916 949 998 Lettrss,
973 919 1063 999 Arts,
1081 914 1233 984 'Sciences“
1254 929 1306 984 etc.
1354 917 1366 944 ¹

261 1067 310 1128 ar
335 1055 388 1117 „0
413 1059 489 1126 y...
516 1023 605 1091 ren:
648 1019 795 1084 concon.
831 1019 867 1083 sn
894 1022 939 1086 ιι.
986 1018 1138 1101 nomon,
1162 1018 1310 1108 saura,
1343 1005 1347 1014 '

258 1145 435 1224 November
455 1131 504 1195 20.
530 1143 602 1205 pag.
621 1122 697 1204 753,
721 1124 795 1190 754.
836 1158 838 1162 ·
1135 1197 1138 1204 ,

334 1241 395 1302 ffis
421 1228 518 1312 igitur
546 1223 697 1288 virorum.
719 1224 887 1290 doctarum
923 1224 1114 1290 testimoniis
1142 1245 1254 1308 exque
1281 1225 1316 1290 ad

253 1325 531 1415 cosmographiam
553 1325 842 1394 Pseudo-Aethici
871 1327 1063 1393 accessimus
1089 1327 1189 1392 statim
1215 1349 1248 1392 eo
1269 1328 1316 1392 ad-

250 1437 332 1510 ducti
358 1449 486 1510 sumus,
515 1436 552 1493 ut
574 1429 706 1496 Aetbici
728 1431 788 1496 sub
810 1431 938 1496 nomine
961 1429 1026 1496 duc
1048 1429 1193 1516 opuscula
1213 1439 1241 1496 et
1259 1455 1317 1496 rua·

245 1543 324 1610 xime
353 1521 483 1618 quidem
513 1531 641 1598 diversa
668 1543 777 1600 extare
805 1535 1068 1622 perspiceremus
1116 1529 1215 1613 Quare
1234 1557 1320 1620 quum

243 1641 339 1708 libros
360 1636 595 1721 manuscriptos
619 1659 699 1722 quos
716 1639 750 1708 in
763 1636 939 1706 Germania
953 1638 1111 1707 asservari
1124 1636 1323 1718 intelleximus,

241 1738 348 1808 Patris
371 1737 497 1825 Optimi
527 1741 719 1806 auctoritate
747 1741 933 1806 Berolinum
962 1741 1148 1822 arcessitos,
1174 1738 1324 1826 diligenter

240 1842 423 1908 describere
444 1841 703 1926 instituissemus,
727 1843 846 1909 accidit
868 1851 904 1908 ut
925 1843 959 1907 in
981 1843 1049 1907 veri
1063 1842 1171 1910 Ethici
1185 1841 1260 1908 duos
1280 1866 1325 1907 oo-

240 1945 344 2012 dices:
368 1943 571 2032 Lipsieusem
594 1945 717 2013 scilicet
739 1954 771 2011 et
795 1943 1100 2034 Guelferbytanum,
1121 1945 1328 2011 incideremus.

241 2049 368 2134 Quibus
390 2071 448 2135 per
470 2056 626 2114 aestatem
649 2049 721 2113 anni
741 2051 834 2118 1850.
852 2057 1001 2116 accurate
1017 2049 1243 2134 transscriptis,
1263 2072 1331 2114 mox

240 2153 384 2220 eiusdem
406 2148 679 2238 Cosmographiae
709 2152 788 2218 alios
808 2151 910 2221 libros
929 2152 1048 2218 multos
1069 2152 1334 2239 investigavimus,

242 2279 376 2342 quorum
405 2277 445 2320 ex
473 2277 605 2319 numero
628 2262 766 2321 -sunt
794 2262 899 2318 autem
928 2253 1056 2318 XLIV.
1081 2291 1121 2302 --
1146 2264 1270 2340 septem
1291 2264 1336 2318 to-

240 2369 292 2425 tos
320 2359 532 2441 excussimus,
561 2355 695 2422 duorum
727 2379 803 2422 vero
833 2356 980 2423 codicrmr
1008 2377 1063 2421 eas
1092 2356 1204 2421 saltem
1233 2366 1338 2442 partes

240 2460 465 2530 exscribendas
493 2462 692 2546 curavimus,
721 2483 802 2546 quae
830 2456 958 2524 maioris
987 2459 1139 2524 momenti
1161 2479 1231 2526 esse
1253 2459 1339 2525 vide-

239 2568 367 2634 bantur.
412 2566 559 2632 Aliorum
583 2565 718 2649 denique
742 2565 881 2650 quinque
904 2561 1131 2644 D'Avezacius
1152 2586 1258 2650 nuper
1283 2564 1341 2628 lec·

238 2671 343 2738 tiones
376 2667 492 2751 edidit,
514 2732 516 2740 ,
535 2691 633 2754 quare
667 2665 909 2750 quatuordecim
944 2666 1074 2732 omnino
1113 2667 1206 2734 libris
1234 2689 1343 2734 manu·

238 2772 367 2860 scriptis
390 2771 432 2836 ad
447 2768 735 2858 Oosmographiam
757 2766 988 2832 emendandam
1010 2768 1059 2832 uti
1074 2769 1169 2836 nobis
1182 2771 1332 2857 contigit.

325 2875 376 2942 Ut
398 2883 505 2941 autem
528 2882 561 2940 et
582 2873 697 2939 horum
721 2868 867 2936 codicum
889 2879 1006 2937 neuma
1027 2879 1061 2936 et
1082 2872 1200 2962 quibus
1216 2875 1253 2938 in
1269 2872 1347 2938 locis

237 2978 350 3066 reliqui
373 3003 453 3064 quos
475 2979 622 3044 novimus
644 2983 846 3043 asserventur
867 2977 906 3038 'eo
928 2973 1042 3039 melius
1062 2985 1185 3062 pateat,
1209 2978 1279 3044 iam
1302 2997 1348 3040 se-

238 3082 347 3168 quenti
376 3082 481 3167 capite
511 3082 553 3145 ad
579 3081 667 3168 ipsos
690 3075 964 3164 Cosmographiae
985 3077 1085 3148 libros
1106 3080 1351 3166 manuscriptos

236 3183 465 3254 transeundum
487 3185 557 3252 erit.

236 3395 358 3444 memoire
369 3408 425 3443 nro.
438 3392 463 3441 8.
491 3393 606 3454 Examen
618 3391 663 3439 des
675 3403 796 3454 passages
809 3391 957 3442 d’Aethicns
970 3392 1064 3453 Hister,
1082 3393 1179 3444 relatifs
1193 3394 1212 3442 ts
1226 3391 1356 3454 quelques

236 3479 334 3528 navires
351 3479 475 3540 antiques.
502 3493 559 3541 pag.
574 3471 731 3525 447-465.

307 3560 397 3624 asoa)
416 3564 489 3612 Esset
507 3577 550 3611 sur
567 3561 688 3613 l’histoirs
707 3563 738 3612 de
756 3564 782 3612 la
801 3557 1002 3628 cosmographis
1021 3573 1045 3614 et
1063 3563 1094 3614 de
1112 3566 1138 3614 la
1156 3559 1360 3626 Oartogrsphie

235 3649 347 3712 pendant
363 3647 387 3697 le
405 3661 573 3710 moyen-age.
602 3647 698 3698 sv011.
728 3649 801 3699 Paris
821 3647 1011 3700 esse-¹852.
1048 3651 1093 3699 cfr.
1111 3651 1231 3702 Indices.

306 3731 374 3796 ²61)
393 3735 559 3785 Rheinisehcs
576 3735 711 3798 Muscam,
729 3737 801 3786 Neue
819 3738 911 3801 Fulge,
934 3737 1034 3788 Achtcn
1051 3737 1222 3802 Jahrganges
1244 3735 1275 3786 2.
1291 3731 1362 3784 nott.

234 3815 370 3873 Frsnkfmt
387 3835 410 3872 s.
422 3822 458 3871 M.
479 3820 555 3871 1862.
586 3821 628 3873 80.
659 3821 888 3888 premisit-176.
925 3833 928 3842 ¹

252 3971 256 3979 ι
304 3905 373 3971 262)
392 3909 528 3960 memores
546 3910 578 3960 de
597 3907 752 3960 l’Aeademts
770 3909 815 3957 des
827 3909 993 3972 Inscriprtons
1011 3909 1275 3960 erleles-Lettres.
1301 3904 1367 3954 Pre-

179 3983 186 4000 ‘
234 3993 312 4046 mitro
330 3996 409 4058 serie,
428 3995 534 4048 tumn.
561 3997 634 4048 Paris
649 3993 725 4045 1862.
749 3988 791 4042 4⁸.
814 4007 873 4056 pag.
887 3987 1036 4057 266-268,
1055 4003 1081 4046 et
1097 4009 1156 4060 pag.
1169 3987 1350 4048 452—561·

685 4163 882 4176 ——n-m--wt--w
