2784 5106
768 514 812 584 28

327 695 357 759 3.
404 691 535 773 Restat,
568 699 607 756 ut
634 690 675 756 de
703 688 793 755 libris
820 689 1047 775 manuscriptis
1075 690 1170 756 huius
1199 692 1353 760 editionis

154 813 160 821 ·
239 815 343 880 pauca
364 795 544 862 afferamus.
589 791 674 861 Sunt
700 803 825 877 autem,
854 793 908 880 qui
931 793 1106 859 secrmdam
1127 797 1352 863 recensionem

240 898 405 982 exhibent,
435 897 563 964 codices
591 896 758 980 undecim,
795 919 876 982 quos
903 920 971 982 pro·
991 897 1099 962 indole
1128 920 1242 964 eorum
1273 901 1352 966 duas

239 1003 352 1068 saltem
381 1002 519 1068 familias
549 1001 674 1066 efficere
706 1000 877 1066 dicendum
912 1008 971 1066 est.
1031 998 1177 1083 Quarum
1207 1005 1353 1089 priorem

241 1103 371 1189 (ΒΑΜ.
396 1107 459 1185 A.)
483 1105 682 1172 constituunt
703 1103 777 1168 libri
799 1103 822 1168 ii
845 1103 901 1188 qui
922 1103 1093 1192 incipiunt:

351 1205 461 1292 „INC
487 1203 698 1274 CRONICA
725 1205 844 1294 IVLlI
870 1205 1111 1275 CAESARIS.
1155 1206 1242 1275 Iulio
1269 1210 1352 1278 Cae-

371 1335 441 1378 sare
464 1321 497 1378 et
511 1310 627 1376 Marco
642 1309 807 1376 Antonino
831 1331 914 1378 coss.
938 1311 1041 1377 omnis
1057 1310 1143 1376 orbis
1157 1323 1352 1401 peragratus

424 1421 441 1456 C

239 1528 272 1582 et
295 1521 349 1603 qui
370 1425 672 1586 dseindbtcdesinunt.
686 1524 763 1602 post
788 1516 888 1581 verba
912 1516 1078 1601 „Massilio
1100 1519 1247 1586 benses“.
1298 1521 1353 1587 Ad

238 1621 390 1686 familiam
413 1631 520 1687 autem
544 1622 676 1687 alteram
701 1619 832 1706 (ΕΔΜ.
856 1621 915 1705 Β.)
940 1621 1102 1708 pertinent
1122 1623 1236 1708 reliqui
1261 1625 1352 1692 codi-

92 1797 97 1804 .
239 1745 294 1788 ces
315 1725 362 1790 ita
384 1725 589 1812 incipientes:

351 1826 463 1911 „INC
495 1823 727 1896 DIMENSIO
751 1827 980 1897 VNIVERSI
1008 1827 1145 1898 ORBIS
1176 1827 1353 1896 Tubun-

368 1931 474 2000 RVM
491 1933 533 1999 A.
549 1930 576 1996 Ι.
591 1929 821 2016 CAESARE,
831 1929 1013 2018 MARCO,
1024 1933 1084 2003 ΕΤ
1096 1931 1351 2001 ANTONINO

268 2051 271 2056 '
370 2035 496 2105 COSS.
519 2033 689 2103 FACTA.
736 2033 852 2102 Omnis
876 2037 963 2102 orbis
984 2041 1194 2124 peragratur“
1219 2047 1285 2104 etc.

239 2141 293 2222 qui
315 2140 388 2206 libri
410 2141 470 2206 sub
492 2141 588 2205 finem
610 2148 685 2224 post
702 2137 851 2222 „Massili
871 2161 960 2227 gens.
994 2139 1119 2205 Avenci
1140 2145 1242 2226 gens“
1269 2143 1353 2207 haec

179 2259 183 2270 ·
239 2240 408 2306 adiiciunt:
446 2243 550 2327 „Sunt
573 2251 711 2328 quatuor
734 2240 910 2309 Caesareae
933 2240 993 2306 sub
1016 2263 1076 2320 axe
1097 2242 1226 2306 mundi:
1265 2243 1353 2310 Cae

238 2365 330 2410 sarea
352 2346 525 2412 Palestina.
571 2343 732 2413 Caesarea
754 2343 990 2432 Cappadociae.-
1036 2339 1196 2408 Caesarea
1219 2345 1374 2435 Mauri-¹

238 2449 353 2515 tunice.
407 2447 567 2530 Caesarea
597 2447 737 2537 Spaniae
765 2500 774 2515 .
804 2470 885 2536 quae
918 2469 976 2536 per
1004 2447 1187 2534 Augustum
1216 2443 1374 2534 accepitl

238 2577 353 2622 nonren
375 2578 425 2639 eo,
449 2557 536 2641 quod
558 2555 799 2642 opulentissima
822 2564 855 2620 et
876 2547 1057 2620 necessaria
1077 2547 1186 2640 populi
1208 2569 1280 2615 esse
1302 2554 1358 2616 vi-

239 2657 405 2723 debatur“.
446 2657 573 2741 Quibus
595 2684 635 2725 ex
656 2658 763 2723 verbis
784 2657 925 2722 familiae
939 2659 980 2723 Β.
998 2656 1210 2740 archetypum
1231 2651 1265 2716 in
1289 2653 1354 2720 Hi-

240 2762 352 2845 spania
374 2763 589 2850 conscriptum
610 2763 708 2828 luisse
730 2760 882 2842 sequitur.

325 2862 453 2932 Scimus
476 2876 583 2932 autem
606 2864 677 2932 cod.
692 2861 929 2930 Scorialensem
944 2859 991 2943 11,
1011 2858 1051 2925 R'.
1071 2859 1121 2927 18.
1145 2879 1230 2924 saec.
1248 2858 1349 2926 VIII.

238 2976 333 3034 autea
361 2966 572 3054 Ovetensem,
603 2969 792 3054 inscriptum
822 2985 906 3030 esser
947 2960 1209 3047 „DIMENSIO
1239 2962 1351 3030 TER·

237 3070 371 3155 RAE“,
400 3075 539 3161 reliquos
568 3071 708 3138 familiae
729 3071 772 3136 A.
804 3067 919 3135 libros·
934 3067 1077 3156 incipere
1110 3063 1350 3151 „CRONICA

237 3174 329 3240 IVL.
354 3173 620 3256 CAESARIS“;
647 3197 749 3262 quare
776 3173 850 3240 libri
873 3167 977 3242 MSS.
1000 3173 1140 3240 familiae
1160 3171 1201 3236 B.
1230 3193 1271 3236 ex
1298 3195 1350 3237 oo·

107 3266 110 3274 ’
199 3267 201 3272 ’
238 3277 310 3344 dice
333 3276 535 3348 Soorialense
564 3281 626 3346 orti
654 3266 814 3346 videntur.
861 3275 963 3344 Cuius
985 3279 1084 3367 igitur
1105 3274 1245 3342 familiae
1267 3275 1350 3342 liber

238 3383 476 3470 antiquissimus
493 3405 590 3472 quum
606 3383 710 3448 codex
725 3384 769 3450 sit
779 3381 967 3472 Augiensis,
990 3383 1123 3468 quinon
1138 3387 1214 3468 post
1229 3401 1257 3442 a.
1271 3379 1348 3448 822,

238 3491 440 3574 conscriptus
463 3497 522 3572 est,
544 3490 592 3554 ita
612 3494 649 3553 ut
670 3486 758 3553 haud
777 3490 913 3557 multum
929 3486 1107 3555 aberraturi
1121 3485 1219 3552 simus
1235 3484 1264 3548 si
1280 3506 1349 3550 sae-

239 3589 310 3652 culo
329 3589 426 3654 VIH.
450 3578 615 3658 exaratum
638 3614 710 3658 eum
725 3593 832 3664 ¹fuisse
854 3593 1005 3668 dicimus3
1028 3590 1092 3650 iam
1114 3583 1189 3648 inde
1210 3583 1349 3654 fortasse

179 3770 184 3780 Ι
239 3691 452 3780 colligendum
476 3702 535 3777 est,
557 3695 698 3781 reliquos
721 3700 850 3784 quidem
869 3693 997 3761 codices
1013 3685 1124 3771 quied
1139 3686 1295 3756 familiam
1311 3693 1347 3758 Β.

237 3797 408 3885 pertinent,
431 3818 471 3860 ex
487 3797 653 3884 Augiense
675 3800 730 3865 illo
745 3801 843 3866 libro:
867 3791 1065 3877 Augiensem
1081 3798 1187 3856 autem
1203 3793 1349 3861 codicem

238 3903 434 3992 exscriptum
457 3922 527 3966 esse
550 3923 590 3967 ex
613 3927 651 3970 eo
674 3903 729 3988 qui
754 3892 982 3984 (Scorialensis
1004 3893 1119 3979 hodie)
1144 3904 1239 3976 antea
1260 3895 1348 3962 Ove-

237 4009 337 4074 tensis
362 3991 555 4074 dicebatur.

238 4147 435 4162 Ἢ.-

237 4219 328 4268 librum
347 4221 389 4270 ubi
409 4227 571 4274 occasionem
588 4229 677 4272 nactus
696 4217 776 4267 fuero.
807 4215 908 4278 Dignus
927 4213 996 4264 enim
1013 4213 1058 4264 teli
1074 4217 1262 4279 operavidetnr
1273 4233 1346 4281 prae·

237 4305 324 4355 sertim
343 4321 421 4368 quum
433 4308 550 4357 Dicuilus
570 4321 672 4370 qnoque
689 4315 809 4366 magnum
825 4300 1004 4366 geographiae,
1023 4316 1099 4365 qnam
1111 4304 1269 4367 conscripsit,
1287 4319 1345 4368 par·

237 4401 289 4443 tem
307 4407 339 4442 cx
358 4392 407 4442 hoc
426 4391 497 4442 sonte
515 4393 658 4454 sumpserit.
686 4389 807 4440 ceterum
819 4386 865 4438 clr.
878 4388 955 4440 etiam
966 4388 1154 4442 D'Averarinm
1165 4391 1181 4440 l.
1192 4405 1215 4440 c.
1226 4405 1251 4453 p.
1260 4389 1325 4441 437.
