2784 5106
755 489 795 558 16

221 664 315 752 phiae
328 665 429 730 maria
443 663 560 747 XXV,
581 666 703 730 insulae
717 665 777 750 LI,
799 673 924 732 montes
934 665 1049 732 famosi
1063 653 1183 750 XXX,
1198 669 1343 753 provin·
1376 687 1377 690 ’

222 770 290 836 ciae
305 767 380 852 LV,
403 768 524 855 oppida
546 767 707 853 OOXIX,
729 770 861 835 flumina
882 769 958 854 LV,
981 778 1093 858 gentes
1116 768 1191 836 XO.

536 869 688 939 Oceanus
710 871 885 940 Orientalis
905 873 1005 941 habet

330 975 439 1041 Maria
460 974 537 1041 VH.
982 973 1115 1063 Oppida
1136 977 1234 1042 LXI.
1376 1065 1377 1068 Ἴ

330 1079 456 1144 Insulas
478 1077 555 1143 XL.
980 1067 1131 1146 Flumina
1152 1079 1271 1147 XVII.
1376 1069 1377 1158 l

330 1181 462 1248 Montes
483 1179 580 1247 VIII.
673 1191 675 1194 ’
983 1181 1107 1251 Gentes
1123 1183 1277 1252 XXVII.

329 1285 518 1352 Provincias
540 1284 619 1351 VII.
1092 1290 1098 1299 ’

517 1385 668 1454 Oceanus
690 1386 911 1458 Occidentalis
933 1390 1032 1459 habet

330 1492 439 1557 Maria
459 1493 523 1557 IX.
983 1495 1117 1583 Oppida
1136 1494 1228 1562 LIII.

330 1595 457 1660 Insulas
479 1593 557 1660 VII.
632 1612 635 1621 ·
982 1594 1131 1666 Flumina
1151 1599 1233 1664 XII.

331 1699 463 1764 Montes
485 1697 546 1764 VI.
640 1683 643 1692 ¹
984 1701 1108 1772 Gentes
1129 1703 1266 1770 XXIII.

331 1801 520 1868 Provincias
541 1799 624 1866 XX.

494 1905 646 1972 Oceanus
668 1903 936 1994 Septentrionalis
957 1909 1056 1976 habet

183 2081 187 2100 '
329 2009 437 2076 Maria
458 2008 536 2076 VII.
982 2011 1113 2096 Oppida
1135 2012 1307 2080 XLVIII.

330 2113 457 2178 Insulas
477 2099 611 2177 XXIV.
979 2113 1129 2178 Flumina
1150 2115 1233 2180 XX.

330 2214 463 2281 Montes
484 2213 566 2280 XII.
982 2213 1105 2283 Gentes
1126 2218 1228 2284 XXI.

330 2318 518 2384 Provincias
539 2319 636 2385 XVI.

527 2420 677 2492 Oceanus
698 2421 898 2492 Meridianus
919 2421 1017 2490 habet

217 2529 219 2535 ’
330 2527 438 2594 Maria
459 2527 504 2592 H.
982 2526 1115 2615 Oppida
1134 2525 1227 2592 LVI.

329 2631 456 2696 Insulas
477 2630 541 2695 IX.
981 2632 1130 2697 Flumina
1152 2629 1212 2694 VI.

317 2733 461 2796 ‘Montes
481 2731 543 2797 IV.
634 2749 642 2758 “
980 2730 1104 2794 Gentes
1124 2729 1225 2794 XIX.

330 2835 518 2901 Provincias
537 2835 620 2902 XII.

308 2937 401 3004 Haec
423 2939 529 3004 omnia
550 2941 584 3004 in
607 2940 820 3027 descriptione
840 2941 930 2999 reeta
952 2932 1202 3032 orthographiae
1221 2947 1334 3008 trans-

222 3043 295 3111 tulit
316 3043 464 3130 publicae
484 3043 531 3109 rei
554 3045 722 3110 consulens
740 3043 840 3107 Iulius
856 3037 1020 3104 Honorius
1040 3040 1196 3129 magister
1218 3049 1307 3110 etc.“

308 3353 380 3422 Iam
402 3379 478 3424 vero
501 3354 607 3421 omnia
627 3353 661 3417 in
684 3361 795 3440 aperto
818 3360 901 3418 sunt.
939 3351 1032 3419 Dicit
1053 3354 1137 3420 enim
1158 3353 1233 3420 Iulii
1254 3353 1332 3422 Ho-

98 3453 100 3456 ’
221 3461 303 3526 norii
326 3461 500 3546 discipulus
523 3479 713 3546 anonymus:
742 3458 859 3522 librum
881 3459 1037 3546 magistri,
1061 3481 1155 3544 quem
1180 3457 1331 3544 „Sphae-

222 3563 310 3626 ram“
335 3561 525 3646 appellavit,
552 3562 593 3628 ob
617 3561 778 3628 anfractus
800 3563 968 3646 nonnullos
990 3570 1023 3626 et
1044 3559 1196 3648 ambages
1217 3562 1330 3650 legen-

221 3664 306 3731 tibus
327 3663 463 3730 fortasse
483 3665 589 3730 minus
610 3665 806 3734 intellectum
827 3666 883 3746 iri;
906 3664 991 3730 hanc
1011 3663 1110 3750 igitur
1131 3665 1172 3730 ob
1195 3687 1330 3734 causam

223 3791 291 3836 sese
312 3765 401 3830 illum
424 3767 658 3850 excerpendum
680 3767 742 3834 sibi
765 3767 948 3852 credidisse,
971 3789 1011 3834 ne
1032 3777 1090 3833 aut
1105 3770 1181 3857 ipse
1200 3779 1255 3835 ant
1270 3773 1329 3856 qui

222 3881 335 3958 postea
356 3868 472 3935 librum
494 3868 608 3936 lecturi
631 3880 752 3955 essent,
780 3873 814 3936 in
839 3893 961 3938 errores
983 3872 1169 3940 inciderent.
1215 3871 1328 3956 Quare

221 3974 272 4040 his
292 4000 333 4040 ex
346 3971 452 4039 verbis
467 3971 620 4058 sequitur,
642 3999 706 4042 non
720 3975 885 4063 Excerpta
900 3984 1026 4052 tantum
1040 3975 1327 4066 Oosmographiae,

223 4076 281 4144 sed
303 4098 438 4144 verum
455 4063 743 4144 InliiHonorii
764 4079 911 4146 librum
933 4079 981 4146 ad
1002 4103 1074 4146 nos
1095 4103 1218 4167 nsque
1239 4105 1326 4168 per-

222 4179 400 4261 venisse;
429 4205 511 4268 quae
534 4190 641 4248 autem
661 4181 708 4246 ibi
732 4182 936 4272 „Excerpta“
960 4183 1176 4272 appellantur,
1198 4207 1237 4251 ea
1260 4182 1325 4251 Co-

223 4284 445 4376 smographiae
474 4310 495 4354 a
523 4283 682 4369 discipuo
711 4287 839 4357 adiecta
867 4297 951 4358 sunt.
1003 4287 1097 4356 Haec
1127 4288 1199 4376 ipsa
1227 4290 1324 4378 igitur
