2780 5092
755 466 817 536 168

238 646 265 711 si
287 643 511 711 Grubissichio
540 642 716 726 credimus,
745 640 957 731 Phrygia⁴⁸³l
987 651 1083 728 atque
1113 642 1252 710 Gothica
1266 647 1328 724 484).

237 745 326 830 Quin
354 748 451 813 etiam
479 747 624 830 fuerunt,
654 748 708 831 qui
730 745 873 812 Punicca
900 747 1029 814 inventa
1057 769 1128 813 esse
1156 746 1331 813 dictitarent

236 851 392 917 clemente
415 847 691 942 Glagclitica⁴⁸⁵).

317 947 465 1018 ‘Videtur
494 961 599 1018 antem
623 954 854 1066 Armeniam
883 955 1041 1040 respicere
1068 954 1178 1018 littera
1198 953 1250 1019 Ier
1271 951 1332 1040 oy-

237 1075 420 1158 rillioa⁴³⁶lr
443 1076 674 1162 Aegyptum
698 1075 744 1144 Sa
766 1084 798 1141 et
820 1075 931 1143 Shzha
952 1075 1266 1164 Glagoliticum⁴³⁷l;
1295 1073 1333 1138 dc

236 1177 510 1243 Phoenicibus
538 1177 692 1264 denique,
715 1187 754 1244 et
776 1177 943 1245 Runicis
972 1201 1051 1263 quas
1080 1177 1193 1244 dicunt
1214 1177 1333 1258 litteris,

237 1303 320 1364 quae
343 1281 429 1367 apud
444 1279 702 1347 Grubissichium
724 1283 745 1347 l.
763 1303 790 1346 c.
806 1282 870 1370 legi
884 1290 1029 1368 possunt,
1053 1305 1091 1347 ea
1109 1282 1234 1347 silentio
1248 1301 1334 1367 prae-

237 1385 334 1448 terire
355 1385 470 1450 melius
493 1384 641 1451 duximus
653 1387 719 1470 488).

327 1491 356 1554 5.
402 1487 534 1570 Restat,
567 1496 603 1552 ut
631 1510 735 1574 pauca
763 1487 951 1555 adiiciamus
981 1489 1021 1556 de
1047 1490 1087 1554 iis
1115 1489 1231 1553 litteris
1260 1507 1336 1570 quas

237 1589 411 1653 secundum
435 1591 468 1656 S.
485 1589 717 1675 Hieronymum
741 1589 782 1654 de
804 1612 862 1655 suo
884 1590 1265 1672 Ethicus‘adiuuxit⁴⁸⁰l.
1300 1588 1338 1653 In

236 1687 416 1776 alphabetis
439 1690 638 1758 Sclavenicis
664 1692 800 1757 noviter
816 1693 938 1758 inventi
961 1695 1094 1780 apices,‘
1112 1715 1154 1756 ne
1177 1689 1337 1778 alphabeti

236 1792 357 1860 Graeci
379 1794 458 1859 ordo
479 1794 674 1878 turbaretur,
697 1795 807 1859 reiecti
830 1805 905 1860 sunt
926 1798 1086 1862 adfinem
1108 1802 1184 1882 post
1199 1793 1336 1860 litteram

236 1895 290 1962 Ot
311 1905 348 1961 ut
369 1899 439 1962 vult
461 1895 732 1978 chrcvius⁴⁴⁰lr
756 1898 796 1964 ab
819 1897 938 1965 Ethico
962 1909 1085 1984 autem,
1108 1899 1196 1964 nulla
1219 1895 1335 1961 ordinis

237 1998 437 2066 Graecarum
449 2001 629 2065 'litterarum
644 1999 755 2067 habita
769 2002 902 2084 ratione,
920 2003 1050 2087 reliquis
1065 2001 1177 2066 inserti
1192 2000 1336 2080 sunt⁴⁴¹).

236 2101 352 2188 Neque
373 2126 450 2167 vero
472 2103 505 2166 in
527 2103 584 2166 tali
607 2125 642 2167 re
664 2101 858 2168 haerendum
882 2095 958 2187 erit,
982 2127 1080 2188 quum
1101 2104 1223 2168 multae
1245 2123 1338 2167 cxco-

235 2205 332 2291 gitari
353 2205 478 2289 possint
499 2226 615 2268 causae
639 2227 678 2270 ex
701 2206 815 2291 quibus
838 2203 918 2272 haec
942 2206 1062 2273 ordinis
1080 2205 1197 2294 prioris
1212 2229 1338 2293 permu-

235 2307 315 2372 tatio
338 2315 410 2372 0rta
431 2329 501 2372 esse
523 2307 679 2373 videatur.
752 2383 754 2388 Ι
1059 2311 1062 2318 ’

291 2527 294 2532 ’
325 2495 397 2560 Iam
424 2515 501 2562 vern
529 2496 609 2562 satis
638 2497 747 2568 multis
766 2499 973 2585 'argumentis
1008 2498 1238 2584 comprobasse
1263 2496 1337 2563 mihi

152 2615 155 2622 '
237 2600 358 2684 videor,
382 2599 588 2686 alphabetum
603 2598 714 2664 Ethici
726 2600 914 2687 philosophi
936 2623 995 2686 pro
1017 2609 1132 2668 natura
1153 2602 1223 2668 eius
1245 2611 1337 2686 atque

235 2702 343 2768 indole
360 2703 509 2771 alitteris
525 2701 730 2790 Glagolitiois
753 2727 833 2788 quas
855 2713 980 2780 vocant
994 2725 1058 2768 non
1075 2703 1241 2770 diversum
1256 2725 1337 2781 esse;

236 2827 318 2890 quae
340 2829 392 2872 res
414 2808 517 2894 magis
540 2809 637 2874 etiarn
660 2807 806 2874 omnibus
828 2805 1004 2888 adrideret,
1033 2808 1066 2870 ni
1088 2807 1272 2874 incredibili
1293 2809 1338 2872 in-

306 2985 376 3049 4³³)
394 2987 411 3036 l.
424 3004 446 3038 c.
465 3003 523 3052 pag.
537 2988 579 3038 51.
592 3003 630 3052 sq.

306 3070 375 3134 434)
394 3073 411 3121 l.
424 3088 446 3122 c.
464 3089 522 3138 pag.
536 3072 578 3123 42.
592 3089 630 3137 sq.

305 3154 374 3218 435)
393 3157 484 3211 Hanke
506 3173 556 3208 von
579 3159 754 3214 Hanlrenstcin
776 3158 843 3222 apud
867 3157 1000 3219 Schliizer‚
1022 3151 1115 3206 Nestor
1134 3164 1183 3206 cte.
1215 3163 1278 3206 torn.
1296 3157 1338 3215 ΠΙ,

235 3257 293 3306 pag.
314 3242 372 3293 187.

305 3325 374 3392 436)
389 3331 507 3380 Eandem
525 3344 581 3379 csse
599 3345 629 3378 ac
646 3329 717 3377 Inni
735 3325 917 3384 Armeniacum
934 3328 1044 3378 affirmat
1056 3328 1229 3392 chrowsky,
1250 3327 1336 3391 Glago-

236 3415 304 3465 titica
322 3431 380 3480 pag.
393 3414 436 3466 45.
467 3416 519 3466 Sed
536 3416 592 3464 vide
610 3412 785 3464 timarete.
805 3417 848 3478 qui
867 3430 900 3466 ex
918 3413 1019 3466 Sheva
1036 3415 1165 3465 Hebraico
1184 3422 1268 3466 ortam
1286 3427 1335 3465 eam

236 3513 292 3548 esse
311 3505 447 3552 contendit.
1005 3499 1007 3504 ’

306 3581 374 3645 437)
394 3587 439 3636 cfr.
459 3585 611 3650 Glagolitica
626 3583 684 3648 pag.
698 3583 740 3635 45.
777 3585 874 3638 Conna
890 3586 1019 3636 bitschius
1041 3587 1058 3635 l.
1076 3601 1098 3636 c.
1117 3601 1177 3650 pag.
1192 3585 1217 3637 3.
1237 3585 1335 3637 Hebrai-

236 3685 293 3719 cum
311 3684 368 3720 csse
386 3669 483 3720 Schin
500 3673 582 3720 docet.

305 3753 374 3818 438)
391 3757 432 3806 De
446 3755 621 3806 Grubissichio
633 3758 679 3807 cfr.
692 3757 815 3808 chrovii
827 3757 979 3808 sententiam
989 3759 1017 3808 in
1027 3757 1187 3821 Gtagoliticis
1199 3775 1226 3824 p.
1239 3757 1333 3818 staqq.

236 3852 262 3894 ct
278 3843 385 3895 Linhart
401 3845 418 3892 l.
431 3857 453 3893 c.
472 3849 533 3892 tom.
545 3843 580 3906 11,
597 3858 656 3908 pag.
670 3842 730 3894 352.

305 3927 374 3991 439)
392 3931 433 3980 De
452 3929 543 3991 quibus
554 3930 612 3980 vide
623 3929 740 3981 Linharti
753 3929 864 3980 tabulam
876 3930 892 3979 l.
906 3943 928 3980 c.
942 3935 968 3980 ct
980 3927 1107 3987 Schibcea
1125 3925 1224 3979 Nestor
1234 3929 1267 3989 11,
1281 3923 1333 3978 325.

235 4015 396 4080 Dobrcwsky
416 4016 567 4081 Glegotitica
584 4018 601 4068 1.
614 4033 636 4068 c.

305 4099 374 4163 440)
394 4102 440 4153 cfr.
458 4103 627 4168 Dobrowsky‚
646 4102 820 4153 Institutiones
836 4099 938 4162 linguae
957 4098 1070 4149 Slavicac
1089 4095 1181 4157 §.Vll
1200 4115 1260 4163 pag.
1273 4097 1296 4147 9.

306 4184 374 4246 441)
394 4187 528 4253 „Suntque
546 4191 631 4253 apices
648 4189 681 4239 in
698 4187 833 4238 medium
849 4183 991 4249 positos“
1011 4191 1059 4236 cte.
1087 4183 1239 4250 Hieronymi
1258 4183 1334 4237 verba

160 4341 163 4350 .
235 4273 280 4322 cfr.
299 4271 418 4324 Ethicnm
435 4289 493 4338 pag.
507 4270 566 4324 511.
585 4274 638 4323 init.
