2784 5106
784 503 826 574 34

235 733 239 741 ,
341 643 694 762 ,,Ραι·αρ1ιέαιιάὲιι“ν
717 683 755 744 de
779 679 907 746 l'arrest
930 682 970 746 du
994 683 1024 748 5.
1041 679 1152 746 latua
1178 682 1279 752 1763.

728 787 884 852 llesnII.“

341 886 431 952 Inest
459 883 782 973 Cosmographia
809 887 906 952 Iulii
934 885 1141 970 oratoris,
1169 910 1257 972 quae
1290 895 1376 982 inoig

254 991 317 1076 pit:
350 989 453 1074 „Iulio
483 986 622 1054 Caesare
651 997 684 1052 et
712 988 828 1056 Marco
856 991 1001 1056 Antonio
1028 987 1226 1060 Consulibus
1250 1044 1361 1062 .......

253 1092 524 1172 Massiliobenses.
568 1090 751 1174 Explicit“.
797 1091 922 1160 Eadem
951 1093 985 1158 in
1012 1093 1075 1159 hoc
1101 1104 1212 1162 nostro
1237 1097 1362 1166 deside

253 1206 374 1279 rantur,
397 1217 479 1280 quae
501 1192 689 1260 exciderunt
711 1218 750 1260 ex
773 1195 886 1262 codice
907 1194 1017 1262 Vatic.
1040 1196 1145 1263 Palat.
1166 1199 1246 1270 973.
1271 1206 1363 1270 ouius

254 1298 476 1388 apographum
498 1305 557 1364 ost.
593 1296 681 1362 Nam
703 1320 744 1362 ex
766 1295 829 1362 hoc
857 1300 947 1368 fonte
973 1300 1118 1367 codicem
1140 1301 1361 1374 Havniensem

253 1412 364 1470 natum
386 1423 455 1470 esse
477 1422 575 1486 quum
596 1407 713 1466 natura
731 1399 817 1484 libri,
839 1410 910 1468 tum
925 1406 1089 1470 annotatio
1105 1407 1247 1474 ostendit
1263 1431 1360 1493 quan

252 1513 328 1592 post
348 1504 461 1570 verba:
509 1501 670 1586 „Fluvius
692 1501 857 1570 Achelous
885 1507 1029 1572 nascitur
1057 1509 1092 1575 in
1113 1512 1361 1596 oamposephiro

253 1606 358 1679 influit
378 1606 412 1670 in
434 1627 521 1672 mare
541 1605 678 1672 Ionium.
710 1607 830 1672 crurit“
855 1608 962 1674 scriba
984 1610 1112 1678 adiecit
1146 1613 1260 1701 Pergit
1275 1615 1361 1682 enim

254 1730 329 1794 pag.
348 1711 403 1774 15:
430 1706 519 1790 „hio
542 1705 617 1770 duo
641 1705 745 1770 folia
767 1706 914 1774 desunt
934 1710 1362 1794 inMsto.Palatino“;

254 1823 430 1897 sequnntur
459 1809 557 1874 verba
581 1817 640 1891 „et
666 1830 705 1874 ea
730 1831 849 1876 corona
879 1813 1015 1880 includit
1044 1839 1171 1884 omnem
1197 1817 1361 1905 regionem

254 1915 428 1982 Acarniam
452 1913 563 1999 (siol)“
589 1919 649 1976 etc.

340 2019 447 2085 Huius
474 2015 548 2081 libri
576 2023 701 2100 partem
724 2016 906 2106 benigniter
927 2021 1018 2087 nobis
1046 2023 1217 2109 descripsit
1239 2025 1284 2091 V.
1314 2025 1360 2093 Cl.

225 2125 227 2131 ⁴
252 2124 293 2189 Ε.
311 2121 389 2188 Chr.
404 2117 575 2200 Werlauff,
597 2116 820 2187 Bibliothecae
842 2121 964 2209 Regiae
985 2123 1183 2192 Praefectus.

341 2277 373 2344 3.
410 2271 1364 2350 CodParisiensisBibl.Nation.7418.membra·

254 2402 325 2450 nau-
335 2380 369 2446 in
380 2387 505 2465 quarto,
519 2379 707 2446 saec.XIV.
720 2404 813 2468 quem
825 2378 938 2446 habuit
948 2377 1143 2446 Philibertus
1155 2380 1195 2444 de
1204 2383 1237 2446 la
1247 2383 1365 2454 Mare.

339 2484 379 2552 In
401 2483 463 2550 hoc
484 2482 583 2568 libro,
611 2507 676 2550 una
700 2483 874 2570 eademque
896 2507 993 2553 manu
1015 2491 1161 2566 exarato,
1187 2481 1367 2575 Excerpta

253 2591 401 2677 leguntur
423 2588 512 2652 varia
534 2611 574 2653 ex
595 2587 714 2654 Isidori
727 2588 945 2675 Etymologiis
968 2598 1001 2654 et
1022 2588 1150 2674 scriptis
1164 2585 1278 2654 Bedae
1292 2589 1364 2658 Ve

253 2690 413 2773 notabilis,
430 2690 545 2774 quibus
562 2692 681 2757 inserta
694 2698 744 2754 est
756 2688 1362 2780 Pseudo-AethiciOosmogra·

254 2792 357 2881 phia.
390 2791 477 2858 Nam
499 2795 605 2880 capite
618 2815 702 2858 nono
718 2791 826 2878 agitur
842 2790 915 2868 „De
929 2790 1037 2877 Libya
1058 2801 1091 2858 et
1104 2792 1250 2880 partibus
1269 2787 1375 2864 eius⁰l

254 2893 428 2964 secundum
454 2894 633 2980 Isidorum,
663 2903 761 2982 caput
787 2901 894 2959 autem
922 2890 1099 2978 decimum,
1128 2893 1215 2981 quod
1244 2898 1361 2988 incipit

254 3011 398 3088 quatern.
419 2999 519 3066 XIX.
548 3001 602 3067 fol.
624 3000 655 3068 8.
685 2997 875 3084 inscriptum
898 3004 961 3063 est:
990 2997 1055 3064 Du
1079 2995 1359 3070 OOSMOGRA-

253 3105 384 3182 ΡΗΙΑ;
406 3113 581 3188 sequuntur
596 3101 711 3168 deinde
725 3100 824 3166 verba
837 3098 934 3166 haec:
959 3100 1063 3186 „Iulio
1075 3100 1226 3186 Caesare,
1240 3104 1357 3172 Marco

253 3208 417 3278 Antonino
439 3206 621 3276 oonsulibus
643 3206 747 3274 omnis
769 3203 855 3271 orbis
877 3216 1068 3294 peragratas
1090 3216 1139 3274 est
1158 3231 1216 3294 per
1230 3211 1357 3296 sapien-

253 3313 393 3381 tissimos
416 3319 449 3378 et
470 3311 588 3376 eleetos
611 3310 708 3374 viros.
742 3311 776 3376 A
790 3305 962 3375 Nicodoxo
978 3305 1094 3396 oriens,
1117 3307 1288 3378 aDidimo
1306 3337 1357 3378 oo-

254 3416 374 3502 cidens,
389 3441 409 3484 a
424 3412 593 3482 Theodoto
608 3412 817 3500 septentricn‚
829 3401 860 3480 'a
874 3411 1025 3482 Polichto
1042 3414 1209 3483 meridies“
1227 3423 1291 3482 etc.
1304 3420 1355 3496 ¹⁴⁵)

253 3519 390 3585 Duobus
412 3519 512 3606 igitur
534 3513 710 3602 capitibus,
732 3519 832 3586 scilic.
857 3543 927 3606 cap.
943 3519 989 3584 X.
1013 3527 1046 3582 et
1066 3517 1131 3580 XI.
1161 3514 1355 3610 Cosmogra·

253 3619 331 3708 phia
345 3620 535 3702 absolvitur3
558 3621 702 3706 sequitur
717 3625 824 3713 capite
838 3621 918 3690 XII·
951 3617 1068 3682 Isidori
1082 3616 1163 3683 liber
1179 3619 1253 3702 „De
1267 3647 1354 3690 men·
1372 3699 1374 3710 ¹

254 3723 337 3792 suris
359 3728 540 3810 agromm“.
587 3723 681 3808 Quae
708 3731 815 3793 omnia
839 3727 872 3789 in
894 3718 1000 3784 indice
1022 3719 1078 3803 qui
1099 3721 1159 3786 sub
1180 3721 1279 3791 linem
1304 3751 1353 3793 eo

254 3827 335 3895 diois
351 3821 497 3891 adiectus
518 3837 567 3892 est
589 3829 639 3897 his
660 3831 765 3896 verbis
787 3826 1006 3910 designanturr
1031 3823 1162 3905 „Bedae
1177 3825 1217 3892 de
1231 3833 1353 3898 naturis

254 3955 376 4016 rerum,
416 3937 448 3996 et
475 3942 651 4014 sequuntur
678 3929 741 3995 duo
769 3928 842 3992 libri
870 3947 928 4011 per
956 3925 1097 4010 capitula
1126 3929 1271 3998 distincti
1300 3936 1352 4020 qui

253 4046 420 4102 sumuntur
453 4057 493 4100 ex
522 4032 639 4101 Isidori
667 4029 898 4118 Etymologiis,
926 4025 1010 4092 sieut
1043 4028 1162 4098 ibidem
1190 4033 1224 4099 in
1253 4037 1352 4106 titulis

253 4140 476 4220 praenotavI“.

326 4309 391 4371 146)
411 4314 456 4362 cfr.
475 4317 617 4367 D’Amae,
637 4319 653 4366 1,
666 4333 688 4366 ς,
707 4327 764 4377 pag.
778 4310 838 4362 314.
857 4321 910 4364 not
924 4311 947 4364 3.
968 4323 993 4366 et
1010 4331 1068 4380 pag.
1083 4315 1142 4368 340.
1161 4329 1213 4372 not
1228 4320 1252 4372 3.
