2780 5092
594 496 656 564 187

71 675 114 740 ad
144 696 203 738 nos
232 671 378 736 diversae
407 671 605 737 narrationes
634 679 854 757 peruenerunt.
906 669 1037 738 Etenim
1059 671 1177 738 Widu·

71 777 208 870 kindus,
238 775 358 842 saeculi
380 773 426 838 X.
455 775 593 860 scriptor
605 777 661 859 ⁶⁰⁸)
691 776 725 840 in
752 775 856 861 primo
884 783 1178 862 rerumgestarum

72 881 307 950 Saxonicarum
327 877 422 962 libro,
445 879 558 964 capite·
574 879 725 962 secundo,
746 879 827 946 haec
849 880 999 966 protulit:

162 983 269 1068 „Nam
293 1004 389 1068 super
411 982 472 1048 bac
492 1007 528 1048 re
548 983 639 1050 varia
658 983 767 1068 opinio
783 992 842 1066 eat,
865 983 935 1050 aliis
950 979 1178 1048 arbitrantibus
1246 1062 1249 1067 .

73 1090 114 1155 de
125 1087 230 1153 Danis
240 1084 537 1171 Northmannisque
553 1086 709 1174 originem
723 1086 852 1154 duxisse
866 1085 1022 1166 Saxones,
1038 1083 1107 1148 aliis
1123 1105 1178 1148 au·

73 1202 139 1257 tem
161 1189 420 1276 aestimantibus,
449 1197 486 1270 ut
513 1190 582 1274 ipse
609 1189 866 1255 adolescentulus
889 1187 997 1254 audivi
1019 1184 1177 1270 quendam

73 1294 329 1381 praedicantem,
353 1293 393 1358 de
417 1291 569 1376 Graecia,
596 1294 673 1378 quia
693 1294 757 1379 ipsi
779 1293 938 1372 dicerent,
962 1288 1106 1356 Saxones
1128 1313 1178 1354 re-

73 1398 188 1482 liquias
205 1396 303 1462 fuisse
320 1395 528 1462 Macedonici
549 1397 719 1480 exercitus,
739 1397 794 1482 qui
815 1404 943 1462 secutus
958 1393 1178 1460 Aiexandrum

74 1501 245 1570 immatura
265 1507 368 1564 morte
389 1499 490 1585 ipsius
512 1523 570 1586 per
592 1507 697 1597 totum
720 1499 830 1566 orbem
852 1499 895 1564 sit
918 1497 1110 1582 dispersus“.
1152 1531 1157 1538 =

137 1672 150 1684 ,
162 1602 399 1670 Widukindum
424 1604 594 1690 exscripsit
610 1603 832 1668 Fkkeherdus
851 1598 1080 1688 Uraugiensis,
1110 1623 1179 1668 sae-

77 1707 142 1770 culi
166 1705 246 1770 XII.
273 1706 417 1772 ineuntis-
441 1706 580 1790 scriptor
608 1705 831 1772 celeberrimus
848 1707 921 1788 ⁵⁰⁹).
975 1701 1180 1770 Hunibaldns

79 1815 186 1872 autem
207 1808 337 1875 fictitius
359 1816 482 1891 auctor,
505 1830 600 1891 quem
622 1808 681 1875 sub
705 1806 893 1876 Oblodoveo
916 1831 945 1872 a.
963 1807 1037 1874 500.
1062 1808 1180 1876 vixisse

11 1897 21 1986 i
79 1910 189 1978 scribit
209 1911 344 1980 Ioannes
366 1911 644 1995 Trithemius⁵¹⁰),
667 1911 811 1978 Francos
835 1912 914 1978 dicit
935 1910 1033 1975 missa
1055 1911 1097 1976 ad
1119 1911 1180 1978 Sa.

76 2037 176 2080 xones
189 2016 348 2103 legatione
364 2039 429 2099 „eo
453 2014 558 2100 quod
581 2024 620 2080 et
641 2016 723 2102 ipsi
746 2039 792 2082 ex
807 2014 1001 2084 Troianis
1024 2019 1180 2084 descen·

77 2118 271 2204 dissent“,
294 2119 386 2186 sedes
409 2120 450 2185 ab
472 2119 512 2186 iis
534 2119 570 2184 in
590 2117 707 2184 finibus
727 2117 890 2188 Senoniae
913 2121 955 2186 ad
977 2118 1180 2200 ostiadtheni

76 2223 163 2290 facili
185 2223 416 2309 supplicatione
438 2223 637 2309 impetrasse.

163 2327 234 2394 Iam
256 2348 332 2392 vero
355 2325 555 2392 Francorum
583 2347 712 2410 quoque
733 2337 861 2414 gentem
884 2337 1012 2396 vetusta
1033 2332 1120 2396 fama
1141 2353 1181 2395 ex
1278 2403 1281 2412 ,

77 2432 176 2500 Troia
197 2430 277 2497 urbe
300 2429 414 2494 exiisse
436 2427 651 2496 ostendamus.

490 2570 510 2690 J
582 2614 612 2696 a·
643 2615 673 2678 2-
753 2640 773 2694 c

77 2755 242 2808 FABVLAE
260 2757 307 2804 DE
326 2755 469 2806 omenta
487 2755 612 2810 GENTIS
628 2759 847 2810 FRANOORVM
858 2761 953 2811 VNDE
968 2761 1181 2813 POTISSIMVM

456 2840 573 2892 ORTAE
591 2845 805 2898 VIDEANTVR.

166 2957 364 3022 Francorum
392 2964 521 3042 gentem
550 2981 590 3023 ex
619 2959 768 3024 Troianis
801 2958 1003 3024 descendisse
1037 2961 1092 3042 iis,
1127 2963 1182 3045 qui

78 3072 154 3146 post
181 3055 376 3126 eversionem
402 3059 492 3125 urbis
521 3061 564 3126 a'd
592 3063 675 3128 ostia
702 3059 790 3126 duvii
812 3061 932 3126 Tanais
954 3063 1091 3150 profecti
1113 3087 1183 3130 esse
1272 3117 1275 3124 ,

81 3163 301 3248 credebantur,
324 3185 344 3228 a
358 3163 467 3227 multis
481 3165 580 3230 medii
595 3166 665 3232 aevi
681 3164 890 3250 scriptoribus
904 3176 1059 3232 narratur.
1090 3166 1181 3250 Quo-

79 3289 168 3348 rum,
199 3268 225 3332 si
254 3269 408 3333 Ioannem
431 3267 644 3336 Trithemium
657 3271 718 3352 ⁵¹¹)
741 3269 920 3352 sequimur,
948 3270 1043 3356 longe
1063 3273 1184 3356 primus

79 3367 353 3456 fuitWastaldus,
376 3395 416 3438 ex
440 3393 503 3456 quo
518 3371 739 3440 Hunibaldum
761 3395 820 3438 sua
842 3371 1075 3459 deprompsisse
1097 3373 1183 3439 idem

81 3473 169 3539 dicit.
229 3474 386 3564 Legimus
420 3475 504 3542 enirn
539 3478 574 3541 in
608 3479 741 3544 laudato
769 3475 993 3564 Hirsaugiensi
1021 3474 1183 3543 Chronico

79 3601 153 3666 pag.
169 3579 228 3646 22:

150 3793 222 3855 508)
242 3795 288 3844 cfr.
310 3795 398 3854 Perta,
421 3796 587 3846 Monumenta
611 3797 762 3848 Germaniae
784 3804 925 3864 Historiae,
948 3803 1039 3866 Script.
1062 3808 1123 3851 tom.
1140 3800 1186 3860 III,

82 3899 139 3948 pag.
152 3882 214 3933 417.
227 3896 265 3944 sq.

152 3965 224 4030 509)
244 3968 290 4018 cfr.
314 3966 481 4016 Monumenta
506 3965 657 4022 Germaniae
682 3975 729 4018 ete.
775 3969 866 4034 Script.
891 3979 950 4020 tom.
972 3974 1022 4032 VI,
1049 3989 1107 4036 pag.
1128 3971 1186 4022 176.

81 4069 145 4105 vers.
165 4053 208 4101 20.
267 4047 272 4054 ⁸

154 4134 223 4198 510)
243 4140 288 4189 cfr.
306 4141 361 4190 Iob.
375 4139 507 4189 Trithemii
521 4138 728 4202 spanheimensis
740 4139 853 4190 Annales
872 4140 1074 4204 Hirsaugienses‚
1093 4139 1186 4192 avon.

83 4226 109 4276 S.
123 4225 191 4278 Galli
210 4223 285 4276 1000.
310 4227 354 4276 fol.
377 4227 421 4277 nbi
438 4226 495 4278 vids
512 4233 574 4282 tom.
585 4225 619 4284 11,
638 4239 696 4288 pag.
709 4223 751 4274 23.

155 4308 223 4372 511)
243 4312 260 4360 l.
275 4327 296 4361 c.
315 4319 377 4362 tom.
390 4314 423 4374 Il,
441 4329 499 4377 pag.
512 4312 555 4364 22.
567 4312 622 4364 init.
687 4335 689 4339 ·
