2834 5088
764 487 827 556 136

244 666 435 750 scriptorum
457 663 641 730 monasterii
663 657 697 729 S.
717 660 807 726 Petri
829 659 1093 748 Salisburgensis,
1117 664 1245 729 saeculo
1268 665 1348 732 dno-

246 767 370 841 decimo
392 774 528 832 exeunte
551 773 698 846 exarato,
727 764 782 849 qui
810 764 991 829 continetur
1016 764 1050 827 in
1073 763 1215 831 eiusdem
1238 789 1347 834 mona·

246 871 334 938 sterii
357 865 468 935 codice
490 869 605 956 signat.
621 866 691 950 IX,
721 867 750 936 3.
780 869 812 932 in
834 867 888 931 iol.
917 888 999 932 saec.
1015 865 1097 932 ΧΠ.
1110 867 1165 954 ³¹⁰)
1210 868 1264 934 Ex
1285 871 1344 936 hoc

246 973 329 1038 libro
358 973 538 1060 catalogum
575 970 744 1056 descripsit
770 969 813 1038 V.
841 967 891 1035 Ol.
917 967 1098 1044 Guilelmus
1126 971 1345 1040 Wattenbach
1406 973 1413 984 ⁴

244 1074 364 1142 Philos.
388 1075 448 1141 Dr.

332 1231 385 1299 43.
432 1226 526 1294 cod.
559 1225 725 1294 Claudii
754 1225 962 1311 Salmasii,
994 1249 1088 1316 quem
1116 1228 1157 1294 ab
1186 1227 1342 1298 Salmasio
1412 1211 1413 1230 ³

244 1335 370 1420 accepit
385 1332 546 1398 Martinus
561 1330 721 1419 Opitzius.
754 1332 809 1396 Ita
829 1332 912 1397 enim
932 1331 1065 1418 ille⁸¹¹):
1095 1329 1172 1414 „Sic
1187 1333 1342 1401 Aethicus

244 1436 321 1504 MS.
339 1437 483 1503 diversus
504 1435 710 1502 multifariam
732 1433 773 1500 ab
794 1434 881 1499 edito
900 1435 1066 1518 hactenus,
1089 1435 1179 1500 cuius
1194 1437 1273 1502 mihi
1291 1461 1341 1503 co

243 1541 330 1625 piam
352 1541 430 1606 fecit
444 1537 494 1604 cl.
511 1537 697 1622 Salmasius,
719 1559 892 1622 numquam
915 1539 983 1604 sine
1000 1538 1121 1603 honore
1136 1537 1320 1606 dicendus“.

330 1641 565 1730 Apographum
588 1650 667 1725 erat,
689 1650 726 1706 ut
742 1641 880 1723 videtur,
904 1640 1026 1706 codicis
1040 1641 1226 1708 Parisiensis
1242 1643 1341 1712 4871.

246 1745 353 1828 (antea
367 1744 525 1832 Thuanei)
549 1765 633 1810 saec.
648 1743 713 1828 XL
735 1766 809 1810 nam
831 1744 864 1808 in
879 1743 1174 1812 Exercitationibus
1186 1744 1342 1810 Plinianis

241 1871 316 1935 pag.
334 1849 408 1918 770.
433 1846 623 1914 Salmasiuse
657 1844 835 1929 „Aethicus
857 1846 937 1911 alins
960 1855 1019 1930 est,
1040 1847 1204 1915 Histricus
1225 1846 1342 1934 Sophi-
1402 1846 1415 1962 q

242 1958 303 2032 sta,
326 1972 421 2035 quem
443 1950 483 2016 de
498 1947 628 2016 Graeco
650 1949 841 2016 translatum
861 1949 903 2014 ab
924 1949 1125 2038 Hieronymo
1148 1960 1181 2017 et
1202 1951 1340 2017 nondum
1401 1967 1415 2073 ῑ

242 2053 363 2120 editum
386 2061 479 2120 vetus
500 2052 586 2118 idem
608 2052 689 2120 liber
710 2051 809 2118 habet
828 2075 871 2118 ex
892 2052 1096 2120 Bibliotheca
1114 2054 1320 2120 Thuanaea“.
1413 2091 1414 2142 5

328 2207 383 2272 44.
429 2202 525 2270 cod.
556 2202 844 2270 Bibliothecae
870 2203 1083 2273 Ecclesiae
1112 2205 1340 2273 Gathedra-
1414 2221 1416 2252 1

239 2307 290 2371 lis
312 2306 545 2394 Sarum³¹²)‚
568 2307 713 2394 signabis
735 2309 784 2391 A,
808 2308 901 2391 930,
925 2312 957 2376 4
1414 2257 1416 2376 l

325 2409 429 2477 Inest:
455 2409 613 2494 „Ethieus
633 2408 881 2495 Philosophus“.
1415 2419 1416 2462 ³

327 2511 395 2580 Ofr.
419 2516 555 2602 catalog.
578 2511 731 2578 librorum
754 2515 1041 2600 manuscriptorum
1064 2517 1203 2603 Angliae
1226 2525 1260 2582 et
1281 2517 1341 2584 Hi·

240 2616 370 2684 berniae
391 2618 425 2683 in
446 2641 544 2683 unum
568 2615 692 2682 collect.
716 2637 790 2682 cum
811 2616 917 2684 indice
939 2617 1151 2704 alphabetico.
1193 2618 1340 2686 Oroniae

223 2720 337 2830 11697.
361 2721 394 2784 in
416 2719 470 2784 fol.
494 2728 571 2784 tom.
587 2717 634 2802 H,
656 2742 731 2807 pag.
748 2720 850 2788 23.A.

324 2925 417 2992 Haec
440 2935 525 3011 sunt,
548 2949 631 3013 quae
654 2926 806 3004 delibris
823 2928 1050 3016 manuscriptis
1066 2927 1342 3018 Cosmographiae

237 3029 476 3118 indagavimus3
505 3053 605 3116 quum
628 3031 713 3097 enim
735 3030 775 3097 de
796 3033 892 3121 longe
914 3032 1028 3098 maiori
1050 3054 1160 3098 eorum
1176 3041 1268 3120 parte
1291 3035 1341 3098 ni·

237 3132 283 3196 hil
311 3133 378 3197 fere
404 3133 467 3198 nisi
493 3156 608 3199 nomen
638 3135 744 3220 ipsum
771 3134 814 3200 ad
834 3158 894 3201 nos
915 3136 1113 3222 pervenerit,
1144 3137 1223 3202 certi
1244 3137 1340 3220 quid-

237 3255 333 3318 quam
362 3233 403 3301 de
431 3235 579 3302 codicum
606 3245 722 3304 natura
750 3246 783 3304 et
810 3261 875 3324 qua
902 3239 1065 3306 coniuncti
1086 3248 1162 3306 sunt
1183 3240 1339 3307 affinitate

101 3407 106 3420 ,
235 3335 401 3424 hucusque
424 3338 582 3404 affirmare
604 3361 668 3404 non
690 3361 868 3424 possumus.

325 3439 436 3524 Quare
458 3442 509 3508 his
532 3449 565 3506 et
586 3440 704 3507 talibus
726 3443 759 3508 in
781 3453 946 3532 posterum
961 3443 1068 3512 dilatis
1090 3447 1154 3512 iam
1177 3446 1219 3512 ad
1242 3447 1337 3511 aliam

236 3541 462 3626 disputationis
483 3553 607 3631 partem
630 3553 839 3633 transeamus,
861 3549 895 3614 in
917 3571 982 3634 qua
1004 3548 1044 3615 de
1062 3547 1337 3638 cosmographiae

234 3643 345 3712 Ethici
367 3648 540 3736 interprete
561 3647 761 3738 Hieronymo
783 3651 942 3741 agendum
965 3653 1035 3720 erit.
1089 3655 1092 3662 '

234 3775 434 3789 -φ

307 3830 375 3896 310)
394 3835 440 3886 cir.
459 3837 540 3899 Perta,
560 3837 654 3890 Archiv
673 3847 720 3892 etc.
739 3849 800 3892 tom.
813 3840 846 3902 X,
864 3855 922 3906 pag.
936 3838 996 3892 616.
1009 3842 1062 3892 init.
1135 3883 1136 3890 ,

305 3916 373 3978 311)
392 3923 424 3971 ad
442 3923 598 3987 Rhythmnm
622 3924 821 3976 asamona
842 3924 898 3978 Cot
909 3925 1113 3992 archiepiscopo
1131 3927 1233 3990 saepias
1250 3926 1337 3976 bada-

233 4013 287 4057 aun
305 4006 432 4069 (Danrisci
451 4006 527 4060 1639.
546 4005 602 4072 8⁰.)
620 4025 678 4076 pag.
690 4008 734 4060 41.

305 4089 373 4152 312)
391 4093 467 4146 hodie
486 4094 649 4163 „Satiatur-5¹⁴
668 4096 695 4147 in
711 4096 851 4148 Britannia

683 4277 882 4308 *-
