2784 5106
580 491 622 560 37

132 666 173 734 In
195 666 257 732 hoe
274 665 355 736 libro
370 667 461 734 locus
476 666 529 732 ille
545 666 585 732 de
600 666 703 752 Durio
718 665 847 735 flumine
861 667 1029 752 omittitur,
1052 691 1147 752 quern

33 770 146 836 habet
164 770 269 858 prima
290 769 384 836 huius
406 771 512 856 operis
529 770 737 853 recensio¹⁵¹l
753 791 812 836 nec
827 793 890 835 non
904 770 1063 868 secundae
1079 771 1146 839 edi-

33 875 141 939 tionis
170 872 297 940 codices
322 873 463 940 familiae
484 875 527 938 A.
543 873 603 955 152)
655 872 771 958 Neque
798 881 907 940 tamen
932 873 1044 940 vitium
1067 875 1145 940 illud

32 975 104 1040 hoo
126 984 237 1042 nostro
257 977 341 1070 libro
364 986 470 1045 ortum
493 998 563 1044 esse
584 975 660 1048 inde
678 985 823 1064 apparet,
847 975 933 1061 qued
949 977 1005 1059 qui
1018 977 1145 1042 tertiam

33 1081 259 1148 reeensionem
289 1079 441 1148 exhibent
466 1080 540 1146 libri
562 1101 672 1150 ornnes
694 1079 807 1148 eadem
827 1079 945 1144 lacuna
966 1078 1145 1148 deforman-

32 1191 102 1248 tur.
133 1183 207 1250 Hos
229 1191 337 1250 autem
360 1205 401 1250 ex
422 1182 535 1250 eodem
555 1184 643 1253 fonte
665 1193 754 1253 ortos
777 1205 846 1250 esse
864 1181 1145 1265 ostendemus-¹⁵³),

33 1310 79 1350 ex
103 1309 169 1370 quo
191 1285 287 1352 huius
307 1285 457 1352 editionis
482 1287 593 1368 (scilic.
610 1283 782 1368 secundae)
805 1285 880 1352 libri
900 1287 948 1350 illi
968 1286 1037 1352 nati
1060 1293 1145 1367 sunt,

32 1389 97 1473 qui
121 1387 163 1454 ad
177 1387 331 1456 familiam
346 1386 386 1453 Β.
401 1388 579 1475 pertinent3
603 1411 701 1474 quare
723 1387 766 1454 ad
786 1387 986 1472 praedictum
1001 1379 1145 1454 codicem

34 1489 127 1574 (eod.
139 1491 200 1576 X.)
214 1491 327 1556 vitium
343 1490 424 1556 illud
438 1490 654 1559 reducendum
670 1491 742 1575 erit,
754 1490 842 1576 quod
857 1489 971 1556 deinde
986 1492 1020 1556 in
1035 1513 1145 1556 omnes

31 1593 169 1660 codices
196 1593 337 1662 familiae
359 1595 398 1660 B.
427 1594 566 1680 irrepsit.
623 1592 779 1666 Codicem
809 1615 886 1662 vero
913 1603 1058 1662 nostrum
1087 1617 1144 1660 cur

32 1697 191 1764 Salmasii
220 1697 381 1784 quondam
409 1698 572 1785 exemplar
593 1699 693 1764 fuisse
716 1697 917 1764 contenderit
938 1697 1058 1764 Christ.
1081 1696 1142 1762 Pe-

30 1810 147 1866 terson
161 1804 213 1885 114)
244 1801 279 1866 id
301 1802 396 1886 plane
416 1802 602 1888 ignoramus
609 1829 619 1882 ,ς
648 1823 751 1886 neque
773 1803 877 1890 magis
899 1802 1142 1874 D’Avezaciunr

28 1903 246 1990 intelligimus
274 1904 331 1969 uhi
353 1902 642 1992 cosmographiam
670 1904 783 1993 scribit
811 1905 924 1972 eadem
950 1907 1070 1992 pagina
1095 1906 1143 1969 in·

29 2008 146 2092 cipere
173 2029 239 2091 qna
259 2006 419 2075 Aethione
449 2007 490 2072 ab
511 2009 713 2095 Hieronymo
735 2009 908 2080 translatus
931 2008 1063 2094 explicit
1078 2009 1142 2090 ¹⁵⁵),

30 2135 135 2195 quum
158 2109 233 2176 Iulii
254 2110 392 2178 Honorii
413 2110 549 2194 librum,
574 2113 601 2178 si
624 2111 753 2197 quidem
777 2109 937 2200 Catalogo
960 2110 1063 2178 MSS.
1086 2110 1143 2175 Bi-

30 2214 217 2282 bliothecae
243 2213 434 2283 Parisien‘sis
461 2212 584 2302 Regiae
612 2215 678 2280 ulla
699 2214 867 2300 fiderent,
896 2239 960 2282 non
983 2214 1142 2283 Aethicus

31 2318 189 2403 excipiat,
212 2316 268 2383 sed
292 2317 428 2402 „Brevis
450 2315 658 2404 chronologia
681 2316 865 2392 Geneseos“
890 2326 952 2394 etc.
967 2319 1020 2401 168)

125 2525 206 2591 Bu.
253 2522 588 2588 Cod.Vaticanus
609 2521 822 2586 Palatinus
848 2523 961 2588 1357.
986 2522 1142 2589 membre·

9 2646 158 2706 maccus
190 2625 223 2689 in
252 2623 306 2690 fol.
345 2645 428 2690 saec.
454 2621 551 2688 XIII.
591 2623 623 2688 in
653 2619 761 2688 Gallia
789 2632 845 2690 aut
875 2619 1051 2693 Germania
1079 2646 1143 2690 una

29 2749 133 2798 manu
155 2738 314 2796 exaratus.

122 2833 253 2902 Insunt:
275 2834 331 2900 fol.
348 2833 386 2914 2.μ
401 2829 515 2918 Imago
532 2829 660 2911 mundi3
684 2868 725 2879 -
747 2831 802 2900 fol.
819 2833 871 2899 20.
902 2830 992 2912 „Ire
1014 2832 1142 2898 nomina

33 2937 97 3004 XI.
123 2959 193 3024 reg.
223 2935 453 3006 continentium
481 2934 565 3003 infra
593 2957 628 3000 se
649 2956 741 3020 prov.
763 2929 883 3004 CXIII
1022 2933 1141 2998 Valen-
1236 3009 1239 3014 ¹

34 3095 235 3109 -ι-η-μ-ῄ-

106 3181 175 3245 151)
195 3185 240 3234 cfr.
258 3183 306 3234 Ini.
318 3183 428 3234 Honorii
445 3183 572 3249 Excerpta
590 3185 630 3234 ed.
644 3182 755 3234 Gronov.
774 3197 800 3245 p.
814 3178 873 3230 691.

107 3266 176 3328 152)
195 3269 241 3317 cfr.
259 3269 345 3320 locum
363 3281 439 3330 qnam
456 3284 489 3318 ex
506 3271 562 3320 cod.
576 3270 656 3319 Paris.
669 3269 758 3332 Suppl.
772 3265 832 3318 685.
858 3267 938 3316 Isaac.
948 3266 1057 3318 Vossius
1068 3267 1142 3318 affert

32 3361 59 3408 in
78 3356 156 3406 Notis
179 3354 211 3402 ad
234 3352 358 3417 Pompcn.
377 3355 460 3408 Melae
480 3356 523 3405 lib.
540 3357 589 3417 HI,
614 3372 668 3420 cap.
689 3355 711 3406 1.
731 3351 806 3419 (pag.
819 3351 879 3404 527.
909 3355 948 3404 ed.
968 3350 1097 3414 Gronov.)
1116 3362 1142 3402 et

34 3445 160 3494 Petersen
177 3441 194 3490 l.
208 3455 230 3489 c.
247 3453 306 3502 pag.
321 3437 379 3488 196.

41 3557 49 3562 -
107 3523 175 3588 153)
195 3525 273 3576 scilic.
292 3517 432 3576 cx‘codice
449 3523 482 3576 Χ.
502 3539 567 3574 saec.
581 3525 646 3576 VII?
669 3529 700 3576 de
723 3543 773 3590 qno
797 3529 909 3583 tabulam
926 3526 1046 3592 inspicias
1065 3541 1140 3589 quarn

37 3629 93 3676 pag.
107 3611 151 3662 29.
169 3611 359 3661 delineavimus.

109 3693 177 3758 151)
196 3698 212 3746 l.
224 3713 248 3748 e.
260 3713 319 3762 pag.
335 3695 394 3747 172.
413 3697 467 3746 init.
487 3695 533 3744 cfr.
553 3707 617 3756 quae
636 3707 712 3756 snpra
729 3700 902 3748 annotavimus
915 3701 947 3748 de
959 3701 1047 3749 colline
1059 3700 1138 3760 Paris.

37 3784 169 3847 Supplem.
181 3782 241 3833 685.
260 3780 328 3844 (ride
345 3797 403 3846 pag.
417 3778 472 3842 ³2.)

110 3865 177 3930 155)
197 3869 282 3919 Verba
298 3869 451 3919 D’Avezaoii
469 3864 543 3931 (pag.
557 3863 625 3927 294)
645 3867 708 3916 hsce
727 3874 798 3916 sunt:
818 3869 892 3926 „Une
910 3869 1080 3932 particularite
1098 3881 1140 3916 ou-

39 3953 129 4016 rieuse,
148 3955 209 4006 c’est
227 3970 276 4018 qne
294 3957 318 4005 la
334 3955 536 4020 cosmographie
553 3955 665 4018 vulgaire
683 3939 832 4014 D'Ethicus‚
851 3956 894 4016 qui
912 3968 976 4002 nous
995 3967 1091 4014 oceupe
1109 3967 1140 4001 en

41 4053 68 4087 ee
90 4049 216 4102 moment,
240 4057 386 4092 commence
412 4057 455 4090 sur
478 4042 504 4090 la
525 4055 590 4104 page
613 4041 696 4090 meme
720 4040 753 4088 cir
776 4039 831 4088 finit
851 4041 875 4088 lc
898 4040 959 4086 livre
983 4036 1076 4086 maduit
1095 4053 1141 4101 par

39 4123 167 4176 Jeromc“.

110 4209 176 4274 156)
196 4213 270 4266 Hunc
292 4215 405 4264 codicem
426 4214 512 4263 laudat
536 4214 615 4264 Isaac.
630 4212 739 4262 Vossius
760 4211 786 4260 in
807 4208 879 4260 Notis
899 4210 932 4278 ¹ad
950 4209 1039 4274 Pomp.
1057 4213 1140 4262 Mclac

44 4295 84 4344 lib.
95 4299 139 4358 ΙΙΙ,
158 4315 212 4361 cap.
227 4298 250 4348 9.
271 4295 395 4358 (Gronov.
414 4315 471 4362 pag.
486 4295 557 4358 598).
585 4299 651 4350 viee
670 4313 747 4361 supra
762 4311 820 4362 pag.
834 4294 876 4348 22.
889 4313 911 4346 a.
925 4296 1008 4348 finem.
