2800 5088
15 895 28 964 .

593 443 654 510 125

161 615 211 682 22.
245 611 339 680 (lod.
355 614 573 682 Fuldensis
596 617 919 702 antiquissimus,
941 640 1022 684 nro.
1045 621 1158 708 ihm).

159 716 281 782 Inerat:
313 718 433 806 „Liber
455 718 624 785 Aethici
651 719 948 808 Cosmographi
977 722 1035 789 abs
1056 721 1174 790 Hiero-

81 841 167 905 nymo
189 822 392 888 translatus“.

158 921 225 991 Ubi
245 948 330 991 nuuc
351 926 450 992 lateat
470 927 668 1014 ignoramus.

158 1101 211 1168 23.
247 1098 341 1167 (iod.
357 1102 644 1170 Bibliothecae
659 1102 770 1168 Dom.
783 1101 970 1186 Hautini‚
988 1125 1083 1188 quem
1104 1104 1172 1168 lau·

76 1200 129 1266 dat
156 1202 191 1266 in
215 1201 402 1286 „Glossario
430 1205 472 1270 ed
500 1207 672 1294 scriptores
697 1205 824 1272 mediae
847 1214 880 1272 et
900 1207 1028 1271 infimae
1050 1209 1173 1294 graeci-

75 1305 170 1370 tatis“
196 1305 368 1392 (Lugduni
391 1308 485 1376 1688.
519 1309 640 1378 2V011.
672 1312 706 1376 in
728 1309 823 1394 folio)
848 1309 1047 1397 Ducengius.
1086 1310 1172 1375 Vide

75 1416 150 1472 tom.
166 1407 212 1472 11.
258 1407 388 1476 Omissa
409 1419 442 1476 et
461 1411 639 1497 Addenda,
660 1437 734 1501 pag.
755 1414 828 1482 109.
853 1435 878 1480 s.
896 1437 926 1477 v.
951 1408 1169 1501 Κορκόνιλοςε

76 1509 225 1590 „Aethici
249 1509 501 1601 Cosmcgraphia
529 1519 746 1604 manuscripta
766 1517 940 1604 interprete
961 1516 1171 1603 Hieronymo,

75 1613 150 1679 liber
162 1615 294 1681 fictitius
318 1624 351 1682 et
371 1617 465 1683 nullis
485 1619 598 1708 frugis,
621 1645 661 1688 ex
681 1621 887 1688 Bibliotheca
902 1621 999 1687 Dom.
1016 1619 1167 1687 Hautini:

77 1715 291 1797 „Strutionum
321 1719 371 1784 vel
400 1722 645 1792 corcodillorum
675 1734 708 1790 et
730 1727 934 1812 scorpionum
956 1749 1075 1814 genere
1096 1733 1170 1791 sunt

74 1820 154 1884 inter
175 1821 250 1888 alias
270 1826 406 1911 gentes“
418 1825 484 1909 ²⁸⁹).
704 1819 707 1826 Δ

156 1997 207 2064 24.
259 1995 355 2065 God.
388 1998 579 2064 Haenelii
608 1997 843 2085 Lipsiensis
871 1998 1018 2082 quintum
1046 2005 1170 2064 tantum

73 2093 340 2188 Cosmographiae
362 2110 461 2189 caput
483 2103 635 2189 continet,
658 2101 746 2190 quod
767 2102 895 2168 titulum
918 2101 1073 2188 praefert:
1098 2101 1170 2185 „De

72 2201 192 2268 navium
213 2203 444 2292 indagatione“
457 2207 525 2290 ²⁹⁰).
571 2205 624 2274 De
652 2206 716 2274 hoc
741 2207 823 2274 libro
845 2207 903 2273 cfr.
926 2206 1169 2274 D’Avezacium

72 2304 89 2368 l.
105 2327 130 2371 o.
151 2330 228 2395 pag.
246 2308 321 2376 234.
344 2311 411 2375 not.
427 2312 459 2379 3.

150 2481 204 2547 25.
255 2475 652 2557 Ood.Bibli0theeee
674 2474 917 2572 inUAedibus
939 2475 1169 2558 Iacobaeis,

72 2581 208 2669 signat.
235 2579 359 2664 8453,
383 2582 456 2648 731
473 2579 541 2664 ²⁹¹).

149 2688 257 2752 Inest:
282 2681 478 2768 „Aethici
501 2680 858 2770 Cosmcgraphia“.

150 2787 222 2856 Ubi
243 2811 328 2855 nunc
350 2789 449 2854 lateat
469 2787 661 2876 ignoramus.

152 2947 207 3014 26.
254 2942 347 3008 Ood.
371 2942 656 3017 Laurissensis
679 2941 821 3009 Sancti
842 2939 1089 3026 Nazariim).

151 3049 257 3112 Inest:
295 3045 415 3128 „Liber
444 3045 610 3112 Aethici
638 3041 937 3132 Cosmographi
964 3045 998 3110 in
1027 3068 1091 3111 uno
1114 3067 1168 3110 co-

68 3148 171 3214 dice“.

154 3249 225 3316 Ubi
247 3271 331 3314 nunc
354 3249 395 3316 sit
416 3251 608 3340 ignoramus.

134 3471 203 3536 288)
222 3475 269 3525 cfr.
288 3476 450 3544 spicilegium
472 3481 616 3530 Romanum
639 3475 696 3538 (ed.
715 3478 817 3543 Angelo
840 3471 910 3537 nu)
929 3482 989 3527 tom.
1008 3475 1039 3526 V.
1065 3475 1167 3527 *Itomae

70 3558 141 3611 1851.
162 3559 204 3610 8⁰.
223 3577 281 3626 pag.
294 3562 354 3614 215.

133 3645 203 3708 289)
222 3649 269 3698 cfr.
286 3649 405 3700 Ethlcum
422 3663 481 3712 pag.
492 3643 554 3706 172,
571 3661 595 3694 v.
609 3643 633 3695 3.

133 3730 203 3795 220)
223 3734 269 3782 cfr.
287 3735 406 3784 Ethicnm
422 3747 482 3796 pag.
493 3727 653 3780 les-lac.
676 3761 690 3780 ,ι

134 3817 204 3880 291)
223 3802 274 3869 eir.¹
289 3818 424 3880 „Oatslogi
446 3819 569 3866 librorum
590 3815 665 3866 MSS.
687 3815 796 3879 Angliae
823 3827 850 3870 ct
872 3821 1010 3870 Hiberniae
1038 3821 1064 3866 in
1088 3831 1167 3864 unum

69 3903 181 3955 collecti“
201 3913 250 3956 ete.
288 3902 405 3954 Oxoniae
427 3901 501 3951 1697.
538 3901 582 3951 101.
610 3909 670 3952 tom.
683 3903 716 3963 Π,
734 3915 792 3964 pag.
805 3902 865 3954 215.

134 3979 203 4051 292)
223 3989 268 4039 cfr.
288 3988 452 4054 Spicilegium
464 3989 607 4038 Romanuin
625 3995 686 4038 tom.
699 3988 731 4048 V,
743 4001 801 4050 pag.
817 3987 976 4038 161-200:
995 3984 1168 4045 „Bremenium

69 4074 181 4124 codicum
193 4077 341 4126 Monasten'i
354 4076 381 4126 S.
393 4073 493 4126 Neruii
511 4076 537 4125 in
549 4075 670 4124 Laurissa
687 4089 733 4123 scu
750 4073 973 4123 Lauresbamensis
992 4073 1024 4122 ad
1041 4071 1165 4123 Rhenum.

69 4156 106 4207 lix
122 4169 267 4224 pervenisto
285 4164 373 4213 codice
390 4163 564 4213 Bibliothecae
581 4162 712 4211 Palatinae
730 4159 878 4222 vaticanae,
896 4160 940 4222 qui
957 4159 1005 4212 fuit
1022 4159 1083 4211 olim
1101 4161 1167 4211 eius-

69 4243 124 4298 dem
140 4247 311 4300 monnarii&
348 4247 398 4300 Ubi
416 4249 472 4300 vide
490 4263 548 4313 pag.
563 4245 622 4298 16³.
640 4243 662 4310 5.
676 4247 722 4309 vl,
740 4245 765 4300 2.
