2780 5092
600 509 661 578 139

84 681 114 746 in
131 677 386 770 Oosmograplria
407 707 438 769 p.
455 685 532 767 466,
557 707 587 748 v.
603 685 634 752 3.
658 691 692 748 01
712 681 791 748 ibid
815 706 845 746 v.
864 686 896 765 7,
918 691 1005 750 uerte
1028 685 1109 752 alius
1132 697 1181 754 est

84 783 180 850 aeM.
192 786 345 854 Annaeus
356 787 518 854 Lucanus.
551 785 607 855 Sia
627 786 711 852 enim
731 784 771 852 de
785 785 921 852 Lucane
932 786 1164 876 Hieronymus:

168 935 254 970 ,....
273 889 392 956 insulas
414 913 541 976 quoque
564 911 676 956 aruum
698 888 868 975 gignentes
890 896 924 953 et
996 885 1181 976 elephantos

84 997 114 1054 et
134 987 334 1076 hyminiones
355 1001 388 1060 et
410 993 555 1080 chylixas
576 993 728 1060 bestiolas
750 999 924 1058 venenatas
945 992 1088 1076 nimium,
1114 994 1181 1062 leo·

84 1113 146 1176 nes,
159 1095 292 1180 pardos,
313 1095 521 1181 ephipharos3
544 1120 678 1181 quarum
702 1095 824 1181 primus
845 1102 972 1179 praeter
993 1096 1090 1162 istum
1113 1097 1180 1164 Lu·

83 1215 180 1262 canus
201 1198 396 1264 mentionem
417 1199 493 1266 feeit
513 1201 547 1264 in
568 1199 733 1266 eodieibus
754 1198 838 1281 suis,
860 1197 986 1266 diceus:

195 1298 284 1381 „nt
311 1300 458 1368 meridies
485 1303 593 1388 opima
618 1325 715 1369 aurea
742 1301 965 1387 coneordeque
990 1303 1093 1392 fulget
1113 1327 1181 1370 me-

194 1401 283 1485 talla,
298 1425 395 1470 aurea
408 1412 515 1470 temna
528 1405 631 1472 inlusa
651 1404 851 1492 hymiuiones
869 1414 902 1472 et
916 1404 1073 1493 ehylixas,
1091 1406 1181 1494 ephi·

191 1502 312 1588 pharos
337 1525 457 1572 venena
478 1507 670 1574 fundentes.
694 1531 776 1594 quae
802 1510 950 1594 quamvis
971 1511 1123 1596 parvulae
1145 1519 1181 1576 ut

191 1605 313 1690 vulpes,
335 1609 443 1676 statim
464 1610 572 1678 leones
593 1611 774 1699 pardosque
796 1621 830 1680 et
850 1611 1005 1682 draoones
1026 1635 1091 1680 uno
1112 1613 1181 1677 ietu
1273 1602 1276 1608 ’

189 1709 426 1777 interimunt““.

130 1808 243 1892 „Unde
263 1812 415 1883 Lucanus
437 1815 498 1880 ait:
539 1817 626 1897 „Et
651 1817 785 1901 lympha
807 1823 953 1900 aequoris
974 1820 1083 1906 magni
1105 1839 1181 1884 eon-

192 1915 288 2000 tiquie
310 1915 460 2005 Gangem
489 1916 702 2003 opopodamis
725 1965 733 1980 .
756 1912 880 2000 equiter
901 1941 978 2005 ergo
999 1920 1181 2005 pennigeris

188 2017 328 2086 hostium
355 2018 532 2106 eonlligunt
565 2018 720 2100 catervis3
759 2041 903 2104 quaeque
935 2028 1039 2086 mater
1065 2020 1180 2086 fertilis

188 2121 269 2190 lilios
286 2122 390 2210 gignit
407 2123 606 2209 vipereos““.
646 2122 799 2190 Lueauus
816 2121 945 2208 quidem
961 2123 1025 2192 ista
1040 2122 1178 2190 sentiens

80 2225 267 2292 tantundem
290 2247 424 2294 exorsus
443 2235 493 2294 est
515 2226 637 2306 dieere3
669 2226 808 2294 Etlnieus
827 2249 902 2294 vero
924 2228 1043 2294 multas
1057 2226 1180 2296 bestias

37 2401 41 2413 Ι
82 2327 209 2412 00011111,
232 2351 314 2413 quae
335 2330 422 2394 nullo
444 2329 541 2395 modo
564 2329 639 2395 alibi
664 2328 843 2396 audivimus
864 2332 917 2396 vel
936 2333 1104 2418 legimus“.

169 2431 332 2516 Equidem
353 2441 505 2516 putemne
526 2429 664 2494 fortasse
685 2425 821 2492 eundem
837 2429 1007 2497 Lucanum
1029 2433 1183 2498 iuniorem

83 2555 152 2602 esse
174 2535 267 2600 euius
289 2553 387 2618 saepe
407 2529 553 2596 meminit
573 2526 747 2613 Virgilius,
769 2527 826 2592 nfr.
848 2528 871 2595 1.
887 2549 916 2594 0.
939 2551 1013 2616 pag.
1030 2533 1084 2611 77,
1110 2532 1183 2614 101,

86 2638 256 2721 103,145.
303 2633 397 2717 Quae
425 2655 477 2699 res
503 2633 550 2698 sie
571 2631 637 2696 lere
659 2628 848 2716 explicanda
869 2637 927 2698 est
973 2631 1185 2722 Legimusin

82 2737 219 2828 Virgilio
241 2737 297 2804 illo
319 2739 421 2806 multa
435 2734 719 2826 grammaticorum
741 2735 886 2820 uomina,
915 2743 949 2802 et
968 2736 1002 2804 in
1023 2737 1064 2804 iis
1085 2733 1184 2806 Cato·

83 2864 166 2926 nem,
182 2840 382 2926 Oieeronem,
398 2841 583 2923 Horatium,
598 2837 779 2923 Lucanum,
795 2837 973 2924 Maeuium,
988 2841 1184 2924 Terentium,

82 2945 262 3012 Varronem
289 2955 385 3032 atque
407 2945 598 3033 Virgilium,
626 2965 762 3027 querum
789 2965 883 3008 nemo
907 2951 1017 3008 temen
1039 2942 1081 3009 ad
1102 2943 1184 3026 pris-

6 3103 7 3124 ,
82 3068 155 3112 eam
176 3045 266 3112 illam
287 3049 517 3131 classicumque
538 3055 690 3126 aetatem(
705 3043 860 3131 pertinet,
888 3052 925 3110 ut
945 3044 1089 3132 ipsorum
1111 3066 1185 3129 pro·

6 3129 11 3206 l
80 3151 151 3214 lata
179 3147 278 3212 verba
305 3148 532 3216 demonstrant.
576 3148 667 3234 Quid
694 3145 792 3236 ergo?
826 3147 912 3215 sine
939 3145 1061 3214 dubio
1084 3145 1184 3216 haee

6 3257 7 3306 l
81 3249 247 3316 nomina
267 3249 480 3318 edseititia
500 3263 613 3336 sunt3
642 3274 680 3320 eo
702 3273 834 3338 prorsus
856 3249 953 3318 modo
976 3274 1039 3336 quo
1061 3250 1095 3316 in
1118 3247 1183 3316 Ca·

81 3353 143 3419 reli
171 3351 287 3441 Magni
313 3353 492 3443 academia,
521 3357 587 3425 dne
614 3365 689 3443 post
717 3355 862 3438 saecula,
890 3354 977 3420 lintis
1001 3351 1182 3420 nominibus

82 3478 153 3524 sese
175 3456 264 3522 doeti
285 3457 430 3526 homines
452 3461 651 3527 vocitarunt:
673 3469 743 3527 erat
765 3459 849 3526 enim
867 3454 1004 3524 Carolus
1020 3454 1183 3540 „David“,

83 3561 241 3628 Aleuinus
258 3561 435 3645 „Flannus“
449 3565 537 3645 ³²¹⁸),
567 3562 777 3647 Angilbertns
799 3562 1013 3646 „Homerus“‚
1034 3558 1183 3628 Rieulfus

85 3664 313 3748 „Damoetas“,
332 3666 445 3752 regiae
455 3663 581 3749 puellae
594 3659 688 3727 Gisla
706 3665 862 3750 „Lneia“‚
877 3663 1047 3732 Guntrade
1064 3663 1183 3746 „Eule-

83 3768 158 3852 lia“,
180 3791 220 3834 ne
242 3767 349 3853 plures
370 3766 532 3830 nominem
543 3765 610 3843 ⁸²²).

171 3869 241 3940 Sed
262 3868 303 3934 de
324 3867 375 3932 his
397 3866 531 3951 aliisque
554 3888 636 3951 quae
657 3865 722 3930 hue
744 3877 892 3952 spectant
914 3870 977 3934 alio
996 3866 1068 3932 loeo
1091 3882 1186 3928 0000-

84 3976 183 4041 ratius
205 3968 425 4040 disserendum
447 3969 526 4054 erit,
553 3968 677 4036 scilieet
698 3967 755 4034 ubi
776 3968 816 4034 de
839 3979 969 4036 auetore
993 3964 1187 4051 cosmogra-

154 4151 203 4202 ³21
212 4150 238 4214 a)
256 4154 303 4213 Ita,
322 4168 373 4202 non
386 4152 512 4202 Samuel
530 4159 560 4201 ut
570 4151 657 4200 scribit
668 4150 735 4211 Ang.
748 4148 844 4206 Maius3
864 4146 908 4195 cfr.
921 4147 995 4196 Beati
1008 4145 1091 4195 Flacci
1100 4147 1187 4198 Albini

85 4250 129 4285 sen
141 4237 244 4288 Aleniui
303 4238 387 4302 Opera
446 4253 506 4288 eura
524 4252 553 4286 00
571 4236 655 4285 studio
668 4234 794 4284 Frobenii.
817 4231 970 4284 Ratisbonae
986 4231 1061 4294 1777,
1079 4234 1111 4284 11.
1125 4233 1187 4284 tomi

85 4321 110 4370 in
130 4321 172 4372 101.
191 4323 234 4372 ubi
252 4323 308 4371 vide
325 4323 446 4371 Iudicem.

157 4405 226 4469 ³22)
245 4408 290 4458 efr.
310 4406 403 4469 Angel.
421 4407 483 4467 Mai,
501 4409 518 4456 l.
531 4422 552 4457 e.
571 4406 677 4470 praelat.
696 4421 753 4470 pag.
765 4406 837 4457 xm.
