2800 5088
579 499 620 565 77

137 669 234 738 Ood.
257 671 507 738 Parisiensis
536 669 640 734 Bibl.
670 669 831 736 Notion.
861 673 973 741 4126.
1002 671 1078 737 olim
1107 670 1150 734 si·

51 781 168 860 gnatus
190 775 285 844 3896.
310 783 403 841 antea
420 772 595 840 Colbertin.
615 774 713 842 3120.
734 774 853 838 saeculi
869 773 964 838 XIV.
988 775 1148 840 mbranac.

50 877 190 943 infolio.
826 941 827 946 ,

134 980 262 1046 Ineunte
287 978 435 1068 Triginta
457 985 490 1044 et
511 1001 594 1046 unus
610 987 771 1045 tractatus
785 979 867 1044 varii
883 978 1062 1064 argumenti
1078 979 1148 1062 (cfr.

49 1082 178 1149 Aniceti
192 1081 310 1148 Meloti
321 1080 469 1169 catalog.
486 1091 563 1147 tom.
578 1083 643 1166 ΠΙ,
663 1083 776 1165 4126.)
793 1082 827 1147 in
842 1080 959 1166 quibus
970 1078 1152 1144 Pseudo-

48 1185 225 1251 Aethici'
245 1183 570 1272 Cosmographia
598 1208 680 1270 quae
709 1185 856 1272 explicit:
887 1183 959 1268 „vel
986 1205 1152 1247 numerum

47 1289 193 1374 gentium
221 1287 509 1354 commanentium“
522 1285 597 1370 201);
628 1325 669 1336 -
696 1287 890 1354 Inmrlarium
919 1285 1007 1371 quod
1034 1285 1067 1349 in
1090 1286 1152 1350 fine

47 1388 211 1454 Itinerarii
232 1389 390 1454 Antonini
411 1389 564 1454 maritimi
584 1389 751 1474 reperitur.

135 1491 175 1556 In
198 1491 261 1557 fine
282 1492 405 1577 primae
424 1491 500 1558 libri
520 1493 623 1558 nostri
644 1491 783 1581 paginae
799 1490 955 1578 scriptum
970 1498 1032 1556 este
1059 1487 1152 1574 „Gu-

47 1593 173 1660 lielmus
195 1592 336 1660 Ceoilius
358 1595 430 1660 mil:
453 1597 500 1660 D⁸
523 1596 563 1661 de
584 1595 773 1684 Burghley“
786 1597 853 1679 ²⁰²).
901 1591 984 1658 Cum
1012 1592 1074 1658 hoc
1097 1615 1151 1658 oo-

48 1697 119 1763 dice
141 1720 181 1763 ea
201 1699 235 1762 in
256 1721 292 1763 rc
321 1693 524 1764 consentiunt
552 1698 640 1784 quod
660 1698 854 1765 Insularium
877 1695 1151 1783 Cosmographiae

47 1800 211 1866 adiectum
238 1801 389 1867 exhibent
418 1802 547 1868 codices
575 1801 658 1886 duo,
686 1802 743 1886 qui
770 1810 877 1867 tamen
903 1823 968 1866 uno
990 1799 1150 1866 volumine

13 1939 15 1988 q
45 1903 371 1990 comprehenduntur,
393 1904 530 1972 seilicet:

116 2108 229 2178 Δ(100.
251 2109 480 2180 Parisiensi
502 2111 616 2182 4840.
639 2111 817 2179 Baluaiano
839 2121 945 2197 antea,
966 2112 1002 2177 in
1025 2119 1149 2197 quarto.

46 2215 189 2282 chartac.
212 2237 300 2282 saecn
316 2215 394 2282 XV.

130 2317 280 2403 Uterque
302 2309 577 2406 Oosmographiae
598 2318 680 2384 liber
702 2328 777 2404 post
797 2320 911 2397 verba:
943 2319 998 2403 „et
1020 2319 1151 2384 domina

46 2425 202 2488 senatus“
232 2422 319 2486 nullo
354 2422 459 2505 spatio
492 2420 660 2482 interiecto
694 2419 887 2484 Ins11larium
915 2421 1063 2502 exhibet,
1097 2421 1150 2484 cui

46 2526 178 2590 additur
207 2522 397 2606 opusculum
427 2519 500 2601 „De
527 2517 660 2602 Septem
688 2519 848 2582 montibus
875 2519 965 2582 urbis
994 2519 1149 2583 Romae“.

44 2628 99 2692 Ita
122 2633 231 2692 autem
253 2621 400 2688 omnibus
421 2621 455 2685 in
476 2619 573 2686 rebus
596 2619 808 2703 consenti1mt‚
829 2627 867 2684 ut
888 2641 928 2686 ex
943 2642 1008 2687 uno
1024 2619 1151 2687 eodem-

46 2753 108 2814 que
131 2729 221 2794 fonte
244 2747 407 2794 emanasse
429 2724 599 2791 videantur
610 2723 678 2807 ²⁰³).

566 2998 628 3065 IV.

135 3142 191 3206 Ex
211 3149 281 3205 toto
304 3139 419 3204 deinde
441 3137 589 3204 codicum
612 3136 668 3222 qui
689 3141 813 3202 restant
833 3157 976 3219 numero,
998 3143 1073 3202 sunt
1095 3159 1151 3202 au-

47 3255 113 3312 tem
128 3242 207 3324 IX„
227 3240 382 3305 hocloco
404 3249 542 3324 quatuor
565 3239 863 3327 comprehendimus
886 3239 1057 3325 dequibus
1072 3240 1151 3305 certi

48 3346 226 3433 quidquam
249 3343 401 3408 affirmari
422 3351 538 3428 potest

140 3449 170 3516 1.
217 3443 310 3512 coc
339 3444 592 3512 Parisiensis
620 3448 736 3518 4806.
769 3446 890 3513 saeculi
910 3444 956 3510 X
988 3444 1149 3510 mbranac.

48 3554 197 3618 foliorum
219 3552 273 3619 42.
734 3622 736 3628 ,

136 3653 267 3720 Insunt:
313 3650 669 3718 Pseudo-Aethiei
704 3637 1027 3742 Oosmogr'apbia
1059 3651 1152 3716 initio

51 3758 214 3837 mutilata3
245 3795 287 3804 -
315 3755 463 3822 Itinerar.
486 3755 659 3834 Antonini3
690 3793 732 3804 -—
762 3754 901 3824 Carmen
923 3756 964 3822 de
984 3755 1152 3822 Ecclesiae

50 3858 215 3928 Romanae
243 3857 469 3946 amplitudine3
499 3899 542 3910 -
570 3858 748 3946 Epitaphia
775 3857 896 3931 Leonis
916 3859 981 3926 IX.
1009 3865 1043 3923 et
1063 3857 1152 3923 Hen-

120 4038 189 4100 201)
209 4041 254 4090 cfr.
275 4039 386 4091 Gronov.
404 4057 462 4106 pag.
476 4040 536 4092 724.
736 4113 738 4122 ¹

120 4121 189 4184 202)
208 4125 254 4175 cfr.
271 4127 385 4176 Itinerar.
397 4127 493 4180 Anton.
512 4129 552 4178 ed.
569 4127 723 4192 Pmthey'et
740 4125 834 4178 Pinder
850 4141 909 4191 pag.
921 4125 991 4178 XIV.
1010 4133 1036 4177 et
1052 4125 1151 4176 D’Ave·

53 4211 148 4260 aeuum
165 4211 182 4260 l.
195 4225 218 4260 c.
236 4227 294 4275 pag.
307 4209 367 4262 205.

122 4293 191 4357 203)
210 4297 256 4347 cir.
274 4299 460 4350 D'Avaaaoium
477 4301 494 4349 1.
507 4315 530 4350 c.
548 4313 606 4364 pag.
619 4297 680 4350 296.
