2780 5092
727 495 789 564 188

295 673 386 758 „Nos
408 684 515 740 autem
537 671 757 738 Hunibaldum
780 681 963 756 sequentes,
987 672 1043 756 qui
1064 680 1209 757 tempore
1230 671 1307 738 Olo-

206 779 319 844 dovaei
341 777 472 863 Magni,
499 775 599 863 Regis
620 775 836 858 Francorum,
860 775 1098 867 annoDomini
1120 775 1308 863 quingenta·

205 882 286 948 simo
312 881 424 945 vivens
452 879 485 944 in
511 879 674 962 humanis,
702 903 742 945 ex
765 879 938 947 Wastaldo
960 887 994 944 et
1015 878 1085 943 aliis
1107 879 1307 944 Francorum

136 1055 138 1060 ,
205 983 433 1067 antiquissimis
455 984 639 1050 auctoribus
662 985 729 1050 sive
753 979 1019 1069 historiographis
1043 981 1153 1047 decem
1176 989 1209 1045 et
1231 989 1306 1047 octo

204 1086 303 1152 libros
332 1087 535 1173 conscripsit,
566 1087 711 1153 Francos
739 1083 856 1174 genere
884 1085 1042 1150 Troianos
1070 1107 1140 1150 esse
1167 1085 1307 1149 breviter

205 1189 442 1256 ostendemus“·
772 1238 775 1242 ,
918 1259 921 1264 ,

293 1291 338 1355 Et
366 1315 440 1380 pag.
464 1295 516 1362 23.
544 1295 652 1360 initio:
685 1294 807 1377 „Porro
836 1301 916 1378 quot
943 1293 1038 1358 huius
1063 1293 1169 1380 gentis
1189 1291 1309 1357 fuerint

204 1393 312 1482 Reges
341 1418 360 1460 a
388 1397 491 1481 primo
519 1397 617 1480 duce,
647 1421 720 1462 oum
751 1421 814 1482 quo
843 1399 987 1464 exierunt
1006 1421 1029 1462 a
1050 1397 1166 1479 Troia,
1194 1395 1308 1481 primis

204 1497 382 1566 Hunibaldr'
410 1523 466 1566 sex
491 1499 582 1568 libris
611 1499 847 1568 aWasthaldo
872 1501 1062 1586 conscriptis
1083 1500 1235 1582 habetur,
1265 1497 1308 1564 de

205 1601 320 1684 quibus
347 1625 406 1667 nos
434 1602 496 1666 hac
524 1604 595 1668 vice
622 1625 687 1667 non
715 1602 970 1684 intromittimus,
998 1603 1075 1684 quia
1102 1601 1247 1666 codicem
1271 1602 1308 1665 in

206 1701 380 1787 Spanheim
410 1703 574 1770 dimissum
603 1704 645 1770 ed
666 1727 797 1769 manum
818 1727 883 1769 non
905 1703 1090 1769 habemus“.
1137 1702 1204 1770 Sed
1225 1702 1309 1767 haee
1359 1769 1363 1778 ,

204 1806 311 1870 omnia
332 1805 411 1870 nihil
434 1816 508 1873 sunt
528 1807 590 1872 nisi
610 1829 717 1872 merae
746 1829 851 1894 nugae
873 1815 907 1872 et
926 1808 1089 1890 fictiones,
1116 1829 1219 1891 neque
1240 1807 1309 1870 ulla

203 1908 267 1974 fide
290 1907 408 1997 dignus
429 1923 478 1976 est
500 1910 713 1994 Trithemius,
740 1910 795 1994 qui
817 1911 919 1976 multa
939 1911 973 1974 in
993 1910 1075 1975 libro
1098 1933 1157 1976 suo
1179 1933 1307 1975 enarra-

204 2012 252 2076 vit
273 2035 356 2098 qnae
378 2013 465 2080 credi
487 2013 574 2080 nullo
596 2014 693 2080 modo
714 2023 860 2099 possunt.
975 2047 978 2058 ν

293 2117 341 2187 At
369 2139 444 2180 vero
474 2115 514 2181 de
535 2116 659 2202 origine
681 2115 787 2200 gentis
809 2115 942 2180 eandem
963 2116 1030 2180 fere
1051 2115 1191 2180 fabulam
1214 2116 1309 2181 exhi-

204 2219 281 2283 bent
304 2219 522 2300 „Francorum
544 2217 672 2305 Regum
694 2213 817 2282 Gesta“
830 2220 909 2302 ⁵¹³),
935 2240 1017 2301 quae
1040 2218 1082 2282 ad
1105 2242 1221 2284 annum
1244 2221 1308 2284 cir-

204 2321 284 2385 citer
306 2321 380 2389 730.
405 2321 598 2406 conscripta,
619 2320 653 2386 in
675 2319 761 2384 hunc
782 2320 913 2385 modum
934 2321 1101 2388 exordium
1123 2322 1260 2390 faciunt:

294 2423 511 2509 „Principium
525 2423 725 2488 Francorum
745 2423 851 2510 gentis
872 2431 906 2487 et
927 2424 1099 2511 originem,
1122 2427 1173 2491 vel
1191 2449 1305 2514 regum

175 2577 176 2580 η
207 2535 319 2614 ,gesta
332 2528 540 2612 proferamus.
570 2526 753 2610 meritaque
769 2526 802 2590 in
817 2525 900 2591 Asia
914 2527 1068 2614 oppidum
1082 2530 1306 2612 Troianorum,

207 2631 282 2714 ,ubi
304 2639 353 2696 est
376 2631 489 2696 civitas
510 2651 591 2714 quae
605 2629 700 2693 Ilium
716 2627 843 2712 dicitnr,
864 2629 919 2694 ubi
934 2632 1080 2719 regnavit
1092 2656 1150 2698 rex
1165 2635 1304 2699 Aeneas.

207 2732 318 2815 „Gens
339 2733 394 2797 illa
415 2733 507 2798 fortis
531 2744 563 2798 et
584 2733 702 2815 valida
725 2733 786 2796 viri
807 2732 977 2798 bellatores
997 2743 1093 2820 atque
1109 2737 1242 2802 rebelles
1255 2737 1305 2800 ni-

206 2835 303 2920 „mis,
330 2835 472 2920 inquieta
500 2837 675 2900 certamina
702 2836 923 2923 obiurgantes,
951 2858 1147 2922 pergyrum
1169 2839 1313 2918 finitima,

206 2938 430 3022 „debellantes
464 2937 679 3008 Surrexernnt
699 2947 814 3006 autem·
828 2959 920 3025 reges
935 2935 1134 3006 Graecorum
1149 2940 1306 3008 adversus

207 3045 371 3126 ,Aeneam
393 3067 502 3130 regem
524 3043 736 3110 Troianorum
764 3063 838 3108 cnm
866 3042 966 3108 multo
992 3043 1150 3108 exercitu:
1178 3066 1305 3129 pugna-

206 3153 401 3229 ,veruntque
424 3155 537 3214 eontra
559 3169 632 3212 enm
653 3144 752 3212 caede
773 3167 900 3231 magna.
933 3143 1125 3230 Corruitque
1146 3146 1192 3211 ibi
1213 3169 1305 3212 exer-

207 3249 309 3331 „oitus
331 3250 488 3316 maximus
510 3250 731 3316 Troianorum.
769 3247 871 3336 Fugit
892 3256 999 3314 autem
1020 3250 1148 3318 Aeneas
1169 3273 1243 3334 rex,
1273 3261 1305 3316 et

207 3353 357 3436 ,reclusit
379 3377 413 3418 se
434 3354 621 3426 incivitate
642 3351 747 3421 Ilium.
793 3352 1023 3440 Pugnaverunt
1045 3354 1129 3418 enim
1150 3353 1304 3422 adversus

206 3457 309 3539 ,hanc
332 3457 494 3524 civitatem
517 3455 607 3522 annis
629 3454 749 3520 decern.
795 3456 889 3522 Tunc
914 3454 985 3542 ipsa
1007 3457 1138 3524 civitate
1159 3458 1303 3542 subacta,

206 3558 308 3644 ,fugit
329 3560 458 3625 Aeneas
475 3583 532 3624 rex
555 3580 628 3624 eum
652 3558 766 3624 ceteris
788 3559 866 3624 viris
889 3560 955 3624 suis
977 3560 1010 3624 in
1031 3559 1174 3644 Italiam,
1196 3562 1303 3628 locare

206 3669 338 3748 ,gentes
360 3662 447 3745 illas,
476 3661 564 3726 ulei
587 3663 739 3728 auxilinm
761 3663 888 3728 ferrent.
934 3663 1003 3728 Alii
1025 3671 1131 3728 autem
1154 3663 1193 3728 de
1216 3665 1303 3750 prin-

206 3766 351 3853 „cipibns
374 3765 452 3849 eius,
474 3765 621 3834 Priamus
644 3774 677 3832 et
691 3768 848 3850 Antenor,
871 3788 943 3832 cum
967 3766 1037 3834 aliis
1051 3767 1128 3836 viris
1151 3767 1192 3833 de
1214 3789 1302 3834 exer-

205 3870 292 3951 „oitu
313 3870 525 3936 Troianorum
554 3867 723 3935 duodecim
751 3870 850 3936 millia
878 3870 1029 3957 firgerunt
1057 3893 1130 3936 curn
1157 3873 1300 3938 navibus.

207 3971 295 4054 „Qui
316 3975 513 4039 introeuntes
535 3973 623 4060 ripas
638 3974 758 4040 Tanais
779 3973 917 4038 fluminis
936 3995 994 4057 per
1008 3972 1192 4039 Moeotidas
1214 3975 1303 4060 palu-

205 4135 391 4143 -·-————.-..-.

275 4221 344 4283 512)
363 4227 430 4288 apud
452 4227 488 4274 M.
507 4226 638 4287 neuque,
662 4225 766 4276 Recueil
789 4226 833 4273 des
856 4222 992 4272 nismrians
1010 4223 1054 4272 des
1074 4223 1168 4274 Gaulos
1187 4233 1212 4276 et
1230 4226 1262 4275 de
1279 4227 1302 4274 la

204 4311 306 4360 Franco.
335 4316 395 4359 torn.
409 4311 441 4360 11.
469 4311 547 4362 Paris.
570 4308 644 4359 1739.
675 4310 719 4359 sol.
750 4323 807 4372 pag.
822 4305 880 4358 54².
