2800 5088
613 508 654 575 93

172 679 203 745 7.
249 677 364 763 Neque
391 703 468 746 vero
498 681 670 747 Thomas
699 682 745 746 de
770 681 879 748 Kent
909 689 950 770 (†
971 697 1045 773 post
1068 711 1186 754 annum

97 781 214 865 1309.),
241 791 338 868 poeta
360 785 533 873 Anglicus‚
564 783 853 873 Cosmographiam
875 787 984 853 Ethici
1005 791 1186 878 ignorabat,

8 846 34 1023 Β
94 907 182 968 quum
209 886 247 966 in
270 887 353 952 libro
381 889 450 955 eius
480 889 559 972 „La
586 898 678 978 geste
701 887 743 954 de
765 887 975 974 Alisandre“,
1004 895 1059 977 qui
1081 895 1187 960 adhue

92 987 223 1054 ineditus
243 990 277 1054 in
299 990 452 1058 Biblioth.
469 993 644 1062 Parisiensi
667 1002 850 1062 asservatur
861 996 930 1077 ²³⁷),
953 997 1078 1081 saepius
1094 997 1188 1062 Ethi-

7 1135 8 1156 .
92 1113 158 1158 cunr
180 1093 345 1160 laudatum
367 1096 575 1164 inveniamus.
621 1098 744 1167 Scribit
766 1098 936 1172 enim²³⁸t:

255 1288 326 1302 ......
347 1255 419 1311 „L’ai
437 1259 506 1306 trove'
523 1274 570 1321 par
588 1259 660 1308 Solin
678 1275 710 1308 en
728 1260 886 1322 grammaire.

255 1339 363 1399 Demea,
381 1340 509 1402 Magasths
527 1358 568 1393 me
587 1351 701 1394 troevent
718 1345 895 1406 l'asemplaire‚

256 1423 290 1472 Ki
308 1424 404 1474 albrent
421 1440 453 1476 en
471 1428 545 1477 Ynde
562 1444 609 1492 par
625 1430 706 1479 maint
722 1429 773 1478 lieu
792 1430 912 1489 solitaire‚

255 1516 288 1565 Et
305 1513 387 1562 virent
403 1512 440 1562 les
459 1527 522 1575 gena
541 1521 566 1563 et
584 1521 623 1564 tut
640 1515 664 1565 le
682 1522 757 1578 grant
773 1515 904 1576 bestiair03

253 1603 307 1652 Des
325 1598 399 1664 peres
417 1599 449 1648 ke
468 1600 477 1647 i
495 1598 622 1650 trorbrent
639 1603 789 1651 deeristrent
800 1601 829 1661 xle
847 1601 983 1665 lapadaire,

252 1688 286 1737 Et
303 1687 379 1736 altres
396 1686 471 1736 liures
489 1701 560 1736 assez
578 1688 622 1736 k’il
640 1689 756 1738 mistrent
773 1702 805 1735 en
824 1686 935 1736 almaire.
1029 1671 1031 1675 ¹

253 1773 396 1822 Jerosme
414 1772 446 1820 le
465 1773 541 1834 dist,
561 1780 586 1823 et
604 1773 676 1823 Solin
694 1773 805 1833 l’alosee,

254 1859 352 1918 rlibon,
369 1858 562 1920 Megasthenes,
582 1865 607 1908 et
624 1859 701 1908 altres
719 1866 819 1908 auctore
838 1873 917 1919 assez,

256 1943 307 2005 Qui
324 1958 373 2016 por
389 1944 459 1993 venir
475 1944 616 1993 merveilles
635 1945 720 1993 furent
738 1959 769 1994 en
787 1945 860 1994 Ynde
879 1945 953 2005 alles3

256 2028 307 2079 Car
325 2019 369 2078 des
388 2029 426 2078 dis
445 2031 476 2079 de
494 2029 535 2080 lur
551 2029 625 2080 livres
644 2037 683 2080 est
700 2031 781 2080 cestin
798 2031 939 2081 translates.

253 2115 282 2166 Si
300 2131 345 2164 vus
363 2117 395 2165 da
414 2129 461 2165 coe
480 2131 529 2178 qne
547 2117 585 2177 di,
604 2116 732 2179 seignors,
751 2131 783 2165 ne
801 2132 842 2166 me
862 2117 941 2178 ordea,

253 2201 272 2250 J
278 2202 382 2252 drame
400 2217 453 2252 sur
469 2203 597 2263 Ethike,
617 2210 642 2252 et
658 2201 731 2254 Solin
748 2217 870 2265 reversat,

252 2288 286 2337 Et
303 2288 560 2352 noges-Pompeia
580 2303 626 2338 ene
645 2303 694 2352 que
712 2289 738 2339 di
755 2289 764 2338 i
782 2296 907 2351 troterer;

253 2373 281 2422 Si
298 2375 323 2423 le
341 2382 413 2424 tenea
431 2390 479 2437 pur
496 2387 648 2435 mensonge,
666 2375 682 2422 a
700 2388 766 2422 ceux
783 2390 845 2424 rous
863 2373 982 2438 pemez“.

175 2531 206 2597 8.
244 2529 375 2593 Xicco
389 2527 557 2592 Riccius
572 2526 890 2604 Polentonus²³⁹t
908 2527 1099 2606 Patavinae,
1121 2549 1191 2590 ver·

85 2641 184 2720 gente
213 2630 340 2696 saeculo
369 2629 466 2696 XIV.
496 2629 530 2695 in
552 2626 635 2693 hanc
656 2628 761 2691 lucem
783 2625 899 2709 editus,
922 2628 1023 2694 atrei
1045 2626 1192 2712 publicae

84 2735 265 2800 Patavinae
287 2734 449 2818 quondam
472 2730 690 2798 Cancellarius
714 2731 756 2814 (ᾧ
773 2730 906 2815 itta),
928 2731 978 2796 vir
998 2730 1192 2796 litteratissi-

85 2861 158 2904 mus
181 2837 276 2904 etde
299 2838 391 2905 bonis
412 2837 540 2921 litteris,
562 2835 734 2923 praecipue
757 2841 865 2898 autem
887 2833 928 2900 de
949 2833 1085 2902 historia
1106 2835 1192 2900 litte-

158 3017 227 3081 237)
246 3020 330 3071 Scilie.
354 3023 381 3070 in
398 3021 486 3071 codiee
504 3020 641 3070 Parisiens.
662 3018 784 3067 Biblioth.
807 3018 911 3068 Nation-
945 3017 1029 3066 Fontis
1052 3014 1192 3064 Lavassiere

0 3158 1 3183 Χ
84 3123 142 3156 nro.
155 3106 199 3156 45.
218 3107 327 3156 chartae.
364 3107 476 3156 Thomas
499 3107 530 3155 de
548 3106 618 3156 Kent
640 3119 704 3167 opus
728 3119 802 3153 suum
824 3104 926 3154 saeculo
943 3103 1014 3152 XIII.
1037 3101 1104 3151 med.
1123 3115 1191 3150 com-

83 3193 186 3256 posuit:
206 3189 252 3238 cfr.
269 3190 456 3241 D’Arezacium
473 3192 490 3241 l.
504 3207 525 3240 e.
543 3207 601 3255 pag.
614 3189 675 3241 260.
693 3198 746 3239 not.
866 3247 871 3254 Ι

161 3271 230 3334 238)
249 3274 295 3323 cfr.
313 3275 430 3337 Legrand
448 3276 558 3340 d'Anssy
575 3279 614 3326 in:
632 3276 736 3326 Notices
755 3283 781 3326 et
797 3276 909 3326 Extraita
927 3278 971 3327 des
989 3274 1141 3325 Manuserits
1161 3273 1192 3320 de

84 3365 110 3413 la
128 3359 310 3422 Bibliothtque
327 3359 460 3410 Nationale
479 3368 505 3410 et
522 3370 605 3412 autres
615 3362 818 3426 Bibliothtques,
835 3362 934 3426 publiea
951 3377 998 3426 par
1014 3360 1131 3410 l’institut
1148 3374 1192 3408 na·

84 3448 168 3498 tional
187 3447 219 3496 de
237 3447 340 3496 hanes.
363 3453 425 3495 tom.
437 3446 470 3496 V.
493 3446 573 3507 Paris,
590 3448 699 3499 Anvn.
717 3450 745 3500 in
764 3445 806 3499 4⁰.
825 3463 883 3514 pag.
898 3445 1055 3498 itt-130.
1074 3474 1109 3484 -
1126 3444 1192 3494 Vide

85 3536 167 3586 etiam
184 3547 271 3583 versus
290 3548 354 3595 quoa
373 3532 447 3582 affert
463 3531 605 3582 D’Aveaac.
622 3532 640 3582 l.
653 3549 675 3583 c.
693 3550 751 3598 pag.
764 3534 825 3586 259.
838 3550 876 3599 sq.

159 3615 230 3679 239)
248 3619 289 3668 De
308 3620 357 3669 hoc
374 3625 477 3668 aucwre
496 3617 542 3668 ct‘r.
560 3624 661 3680 praeter
678 3619 739 3668 alia:

142 3702 175 3765 1)
194 3705 407 3755 Dissertationum
429 3706 461 3754 de
483 3704 565 3754 Xicco
587 3704 729 3755 Polantcno
748 3705 906 3758 cancellario
929 3705 1051 3756 Patauino
1072 3703 1192 3752 historiae

193 3792 329 3842 litterariae
348 3806 414 3842 saec.
426 3791 485 3841 XV.
503 3792 530 3840 in
548 3790 622 3840 Italia
638 3790 814 3854 instauratore,
835 3809 911 3856 qnam
927 3792 1028 3842 indultu
1045 3789 1194 3852 amplissimi

194 3878 410 3941 Philosophorum
428 3877 523 3926 ordinis
540 3877 567 3927 in
579 3875 721 3926 Academia
731 3877 859 3940 Lipsiensi
875 3880 994 3943 praeside
1008 3879 1127 3927 Ioanne
1138 3873 1193 3924 Er·

195 3964 294 4014 harda
318 3964 445 4027 Kappio
468 3970 516 4014 ate.
535 3963 561 4012 d.
578 3963 649 4012 XIX.
667 3964 732 4014 Dae.
751 3979 774 4014 a.
787 3979 807 4013 r.
820 3979 844 4028 g.
865 3965 941 4016 1733.
963 3955 1065 4029 placido
1084 3961 1193 4010 erudito-

195 4065 253 4098 rum
270 4050 381 4099 examini
393 4050 524 4100 submittet
534 4050 645 4100 Ioannes
654 4048 760 4100 Godolr.
770 4048 897 4112 sicherus,
914 4051 1065 4114 Lipsiensis.
1091 4047 1194 4111 Lipsiae

197 4149 230 4184 ex
247 4135 351 4186 officina
367 4135 598 4198 Langenhemiane.
628 4137 656 4186 in
674 4132 716 4186 4⁰.

143 4217 251 4280 2)10h.
275 4220 335 4271 Alb.
358 4222 467 4271 Fabricii
489 4223 611 4273 Biblioth.
634 4223 701 4272 med.
725 4230 751 4274 et
772 4222 852 4272 infim.
873 4223 1019 4274 Latinitatis
1041 4223 1081 4274 ed.
1104 4222 1193 4272 Ioann.

195 4307 323 4357 Dominio.
341 4308 433 4358 Mansi.
451 4309 547 4360 Patavii
567 4305 643 4358 1754.
675 4304 717 4360 ⁴⁰.
748 4317 809 4360 tom.
823 4309 869 4372 vt
885 4325 944 4376 pag.
959 4310 982 4361 l.
995 4310 1020 4362 2.
