2780 5092
731 458 794 526 1611

288 633 345 698 -Π,
390 633 457 702 Sed
478 634 581 720 magis
602 633 738 697 fortasse
760 631 905 698 haerebis
926 635 961 697 in
985 634 1221 698 litterarum
1240 657 1305 700 no-

212 737 386 802 minibus
409 757 491 819 quae
513 735 599 821 apud
614 734 765 800 Ethicum
786 735 998 820 inveniuntur,
1022 759 1120 822 quum
1134 743 1203 801 toto
1223 738 1305 802 coelo

212 863 232 904 a
247 838 515 926 Glagolitieorum
537 839 663 924 apicum
684 837 866 905 nominibus
888 839 1082 906 abhorreant
1094 841 1162 922 883).
1197 839 1308 924 Neque

211 951 318 1006 tamen
340 942 428 1007 hisce
448 943 514 1007 ullo
533 941 629 1006 modo
651 941 860 1008 insistendum
881 964 951 1008 esse
971 943 1173 1026 crediderim,
1194 945 1309 1028 quippe

211 1067 293 1129 quae
314 1045 354 1111 ab
376 1044 508 1110 indocto
530 1043 669 1128 quodam
691 1045 821 1110 librario
844 1054 900 1110 aut
920 1047 1060 1129 inventa,
1084 1054 1142 1110 aut
1156 1053 1242 1111 certe
1256 1046 1308 1110 de-

209 1149 348 1213 formata
376 1155 409 1212 et
437 1155 588 1233 corrupta
616 1149 689 1214 sint.
734 1148 809 1214 Nisi
830 1149 913 1216 forte
934 1158 971 1215 tu
994 1148 1213 1232 contenderis,
1235 1147 1310 1213 iilud

211 1273 337 1337 quoqne
359 1273 418 1336 pro
439 1242 516 1315 vero
532 1251 753 1336 accipiendum
767 1252 870 1317 videri
885 1253 971 1336 quod
984 1253 1019 1317 in
1032 1252 1204 1318 Itinerario
1218 1251 1311 1316 Ioan-

209 1356 259 1421 nis
282 1355 322 1420 de
343 1353 541 1419 Mandaville
562 1354 715 1441 legimus,
744 1355 801 1439 qui
822 1355 932 1420 Ethici
959 1356 1081 1422 litteras
1106 1355 1310 1420 describens:

209 1457 441 1526 Saracenorum
457 1479 526 1522 esse
541 1458 697 1524 elementa
717 1457 841 1523 addidit
849 1460 915 1542 ³⁸⁴).
950 1457 1119 1524 Eiusmodi
1135 1457 1312 1524 scribarum
1380 1543 1381 1546 Ἴ

206 1560 295 1630 lusus
323 1569 419 1643 atque
440 1582 544 1644 nugae
566 1560 600 1622 in
622 1560 734 1624 codice
756 1558 897 1642 quodam
917 1561 1136 1643 manuscripto
1158 1553 1313 1624 Ratisbo·

206 1662 296 1725 nensi
310 1660 461 1724 sacoXI.
474 1661 685 1744 reperiuntur,
698 1683 737 1726 ex
749 1682 812 1744 quo
823 1660 934 1726 Ioann.
944 1659 1065 1747 Georg.
1073 1660 1310 1743 Eccardus³⁸⁵)

206 1771 328 1848 septem
349 1761 523 1847 alphabeta
545 1763 646 1827 edidit
657 1765 738 1843 886);
766 1761 817 1827 his
846 1763 947 1846 enim.
976 1764 1038 1828 etsi
1060 1772 1172 1848 aperte
1194 1763 1312 1828 litteris

204 1866 324 1930 runicis
353 1867 531 1952 composita
559 1874 649 1949 sunt,
683 1866 822 1931 insulsus
851 1865 972 1930 codicis
1001 1865 1151 1931 librarius
1182 1865 1310 1952 apicum

206 1967 431 2056 Syriaoomm,
462 1969 693 2052 Arabicorum‚
721 1969 1015 2058 Aegyptiacorum,
1045 1965 1310 2052 chaldaicorum,

205 2073 414 2139 Alanicorum
435 2072 564 2136 nomina
584 2071 756 2155 inscripsit.

293 2171 390 2254 Quod
418 2171 547 2255 quidem
574 2195 639 2236 non
666 2180 785 2238 temere
813 2181 870 2236 aut
897 2195 935 2238 ea
964 2173 1067 2238 solum
1095 2193 1139 2236 ex
1168 2193 1269 2238 causa
1292 2197 1313 2238 a

202 2277 294 2341 nobis
321 2273 463 2338 dictitari
490 2281 527 2338 ut
555 2297 593 2338 eo
619 2273 732 2339 melius
762 2275 952 2340 sententiam
973 2281 1117 2340 nostram
1140 2275 1311 2340 confirme-

202 2401 284 2462 mus,
306 2378 370 2441 iam
392 2399 476 2441 novo
500 2385 686 2464 argumento
716 2377 1003 2463 comprobabimus.
1050 2379 1226 2444 Librarius
1249 2381 1311 2444 sci-

202 2483 279 2548 licet
300 2479 421 2568 codicis
442 2477 596 2545 Vossiani
620 2480 699 2563 113,
727 2478 768 2544 de
797 2502 861 2564 quo
884 2481 1048 2566 supra³⁸⁷)
1072 2481 1176 2548 fusius
1200 2481 1310 2568 dispu-

203 2594 305 2651 tatum
326 2592 386 2667 est,
409 2583 479 2650 istis
501 2583 679 2648 litterarum
701 2583 884 2650 nominibus
904 2585 1020 2648 latinas
1037 2585 1196 2671 quasdam
1213 2585 1310 2652 inter-

201 2688 397 2774 pretationes
425 2685 543 2751 adiecit
570 2687 604 2751 in
628 2685 759 2773 reliquis
787 2687 1011 2774 manuscriptis
1038 2709 1119 2770 quos
1141 2687 1310 2772 hucusque

189 2893 350 2947 ‘confirmare
372 2899 440 2949 haud
463 2899 575 2950 ahenum
596 2901 700 2950 videtur.
735 2897 836 2946 Etenim
854 2897 875 2946 si
894 2903 919 2945 et
936 2897 1020 2958 graeei
1042 2901 1067 2945 et
1084 2897 1159 2946 latini
1177 2900 1311 2962 alphabeti

202 2983 296 3034 formas
318 2985 437 3048 pristinas
459 3001 517 3035 cum
534 2987 565 3035 iis
585 2999 759 3048 comparamus
778 2983 867 3044 quibus
885 2983 961 3031 hodie
978 2983 1085 3044 utimur,
1108 2983 1166 3044 quis
1187 2991 1228 3032 est
1247 2988 1311 3046 quin

200 3071 281 3118 maius
304 3071 381 3117 etiam
402 3071 468 3120 inter
491 3073 537 3120 has
561 3072 695 3120 discrimen
718 3069 826 3118 existere
847 3069 954 3118 libenter
977 3069 1113 3129 concedat,
1137 3083 1218 3130 quam
1241 3071 1311 3120 inter

201 3155 326 3202 elementa
342 3154 427 3203 Ethici
445 3163 471 3205 et
493 3157 582 3208 duetus
605 3155 780 3220 glagcliticos?
806 3154 952 3203 Incrednlos
976 3161 1061 3204 autem
1077 3155 1173 3203 librum
1192 3157 1311 3206 evolvere

200 3237 315 3287 iubemus
334 3253 409 3301 quem
428 3255 504 3304 supra
519 3242 688 3291 laudavimus:
708 3239 808 3298 „Neues
820 3237 1004 3303 Lehrgeb'iude
1017 3241 1061 3289 der
1072 3237 1238 3303 Diplomatilr
1252 3250 1309 3302 etc,
1380 3251 1381 3300 j

200 3325 327 3376 iibersetzt
343 3341 393 3376 von
409 3325 554 3390 Adelung“‚
571 3335 632 3376 tom.
645 3327 682 3386 Π,
700 3339 758 3387 pag.
773 3321 823 3372 102
844 3319 910 3384 (tab.
920 3321 1080 3389 VH);-pag.
1096 3325 1148 3376 132
1168 3323 1240 3387 (tab.
1253 3325 1309 3388 X);
1380 3309 1381 3316 ¹

199 3425 257 3474 pag.
272 3409 322 3460 131
337 3407 398 3472 (tab.
411 3408 474 3475 Xl);
492 3427 540 3462 nee
552 3427 603 3461 non
621 3419 682 3461 tom.
695 3411 741 3471 111,
753 3421 811 3473 pag.
825 3409 841 3458 8
855 3407 917 3471 (tab.
926 3407 1002 3473 ΧΧ);
1020 3425 1078 3475 pag.
1092 3409 1126 3460 28
1141 3408 1207 3472 (tab.
1218 3411 1307 3475 XXI);

199 3509 256 3558 pag.
271 3493 304 3543 ³2
325 3491 386 3556 (tab.
396 3495 496 3560 XXII);
515 3511 572 3560 pag.
587 3495 619 3545 36
639 3492 701 3556 (tab.
714 3493 822 3558 XXIII).

269 3591 337 3656 383)
355 3595 415 3659 Ipsa
431 3599 570 3648 litterarum
587 3597 692 3647 nomina
708 3599 776 3662 apud
794 3599 874 3648 varias
887 3597 1033 3648 sclavorum
1051 3607 1140 3662 gentes
1159 3605 1231 3652 varia
1250 3617 1307 3667 pro·

198 3680 313 3731 nunciari
330 3681 405 3733 docet
417 3680 662 3732 Grubissichius
674 3700 699 3747 p.
710 3683 744 3734 45
758 3685 964 3747 „Disquisitionis
982 3686 1010 3734 in
1028 3686 1117 3748 origin.
1132 3695 1160 3737 et
1173 3689 1307 3740 historiam

199 3768 326 3834 alphabeti
333 3766 629 3832 'Slavomci-Glagolitici
647 3771 723 3834 vulgo
735 3769 943 3834 Hieronymiani“
954 3779 1001 3822 ctc.
1019 3772 1135 3822 Venetiis
1152 3772 1234 3825 1766.
1253 3771 1289 3824 8⁰.

182 3937 183 3940 Ἴ
270 3866 337 3931 381)
356 3870 401 3920 cir.
419 3869 561 3922 D’Avezac.
579 3873 597 3922 l.
610 3888 632 3922 c.
651 3887 708 3936 pag.
722 3871 782 3924 541.
800 3879 853 3942 not.
868 3871 892 3922 6.

268 3969 336 4034 385)
354 3973 442 4024 Ioann.
463 3971 556 4038 Georg.
574 3974 693 4026 Eccardi:
711 3975 753 4024 Dc
771 3972 842 4036 On'g.
862 3973 947 4026 nera
966 3980 1014 4026 cto.
1027 3974 1084 4024 libri
1102 3975 1156 4026 duo
1240 3979 1305 4028 cdii.

200 4055 259 4106 Chr.
278 4058 343 4108 Lud.
362 4058 503 4122 Scheidiua
523 4060 660 4125 thtingaa
679 4058 755 4120 1750,
775 4051 812 4110 4⁰.

269 4146 336 4209 386)
355 4152 401 4202 cir.
420 4154 437 4204 1.
451 4170 472 4205 c.
491 4170 550 4219 pag.
565 4153 623 4217 192,
642 4162 668 4206 et
685 4154 796 4206 atulam
812 4150 881 4203 XIV.

269 4239 337 4303 aar)
356 4257 414 4308 pag.
428 4228 500 4297 117..
