2784 5106
430 1415 823 1560 rursusne.

587 1725 672 1732 ..—--

80 1871 409 2002 Dissertationem
439 1929 483 2002 de
514 1929 804 2027 Oosmographia
832 1929 966 2018 Ethici,
997 1938 1080 2001 ante
1111 1927 1180 2000 hos

80 2073 149 2122 sex
171 2073 315 2124 menses
339 2049 593 2148 conscriptam,
617 2049 815 2123 lectoribus
835 2048 1013 2121 tradituro
1030 2047 1120 2119 mihi
1137 2047 1182 2120 de

81 2169 234 2244 consilio
265 2195 383 2269 pauca
412 2170 622 2245 disserenda
652 2180 745 2242 sunt
792 2167 963 2243 Fortasse
996 2169 1092 2241 enim
1117 2168 1183 2240 mi·

80 2318 163 2365 rum
188 2292 418 2386 videaturet
441 2293 577 2383 inutile,
602 2293 701 2389 quod
726 2301 813 2389 post
837 2292 964 2364 doctas
989 2288 1184 2364 Christiani

82 2411 257 2486 Petersen
283 2425 320 2486 et
335 2413 552 2488 D'Avezaeii
577 2414 621 2484 de
647 2413 778 2484 eodem
794 2412 887 2484 libro
908 2412 1184 2485 commentatio-

84 2557 149 2606 nes
179 2533 309 2606 tertius
341 2557 411 2628 ego
445 2532 491 2602 ad
521 2555 600 2601 rem
634 2555 720 2602 sane
751 2530 1000 2604 difficillimam
1031 2533 1184 2604 accessi:

86 2652 186 2748 quod
212 2660 309 2723 certe
336 2677 410 2722 non
433 2650 612 2739 fecissem,
637 2650 674 2721 ni
698 2650 757 2722 vel
779 2649 910 2723 horum
928 2650 1093 2724 virorum
1111 2661 1185 2723 stu-

84 2772 153 2846 diis
183 2797 257 2844 non
289 2770 411 2844 omnia
436 2769 604 2844 absoluta
628 2793 709 2844 esse
733 2773 1015 2871 perspexissem.
1064 2769 1186 2862 Quum

85 2893 182 2966 enim
213 2893 286 2964 iam
321 2893 405 2966 inde
441 2892 486 2964 ab
523 2917 619 2966 anno
650 2890 844 2967 MDOOOL
876 2892 1186 2992 Oosmographiae

85 3014 185 3088 libris
217 3013 471 3112 manuscriptis
503 3013 662 3110 undique
690 3016 873 3112 congestis
899 3039 1028 3088 eorum
1052 3016 1188 3113 praesi-

12 3171 14 3174 ·
86 3136 147 3208 dio
165 3135 348 3208 tutissimo
367 3135 412 3207 de
429 3133 558 3208 Ethico
578 3136 810 3233 quaestiones
827 3135 1075 3227 instituissem,
1098 3161 1188 3210 mox

88 3257 133 3328 de
167 3265 316 3328 auctore
346 3255 426 3352 ipso
458 3266 496 3327 et
527 3256 572 3328 de
601 3254 701 3328 libris
728 3255 805 3328 eius
830 3257 1019 3330 notionem
1043 3257 1189 3354 suscepi

89 3377 135 3448 ab
167 3376 210 3448 iis
241 3374 427 3470 sententiis
453 3376 612 3451 maxime
639 3376 836 3467 diversam,
867 3403 956 3474 quas
988 3377 1033 3449 de
1058 3378 1188 3450 iisdem

89 3497 199 3572 rebus
230 3519 347 3592 usque
380 3519 424 3566 eo
457 3495 527 3565 viri
558 3497 657 3568 docti
692 3497 930 3596 protulerant.
987 3497 1092 3572 Hanc
1123 3499 1188 3596 igi-

89 3629 150 3691 tur
175 3643 219 3690 eo
246 3615 365 3689 minus
399 3614 587 3689 celandam
617 3616 705 3688 mihi
734 3643 813 3690 esse
837 3618 979 3716 putavi,
1018 3646 1091 3717 quo
1115 3646 1190 3693 ma-
1288 3663 1293 3679 ·

91 3740 147 3838 gis
173 3738 282 3811 etiam
305 3761 402 3812 nunc
419 3734 665 3810 Christianum
681 3735 855 3812 Petersen
872 3748 910 3812 et
924 3737 1191 3814 D’Avezacium

83 3861 125 3933 ‘in
158 3858 331 3932 omnibus
367 3858 444 3931 fere
482 3857 691 3932 discessisse
724 3857 972 3958 intelligerem.
1030 3860 1192 3950 Accedit,

93 3981 193 4078 quod
217 3981 412 4055 doctorum
436 3979 625 4052 hominum
652 3979 761 4051 etiam
786 3980 819 4071 ii,
845 3982 968 4078 quiin
993 3981 1106 4055 verba
1130 4009 1192 4055 an-

93 4102 338 4182 tecedentium
355 4101 575 4199 scriptorum
596 4127 671 4174 non
689 4100 851 4173 iurantes
869 4126 935 4173 suo
953 4101 1085 4176 iudicio
1103 4101 1192 4176 Cos-

95 4222 347 4320 mographiam
354 4221 473 4295 Ethici
489 4231 699 4312 tractarunt,
717 4221 933 4296 coniecturis
950 4225 1065 4322 magis
1083 4249 1191 4320 quam

94 4339 258 4416 sontibus
282 4344 370 4440 ipsis
395 4342 503 4415 innisi
525 4354 625 4432 sunt3
650 4343 719 4416 hos
743 4342 852 4441 igitur
869 4354 953 4418 ante
971 4345 1093 4418 omnia
1109 4364 1194 4437 ape-
