2784 5106
767 479 809 548 14

327 656 509 741 „Libellum
530 655 606 722 Iulii
627 654 796 739 Oratoris,
817 677 911 742 quem
933 654 1026 722 vobis
1048 653 1179 740 reliqui,
1201 655 1353 725 studiose

237 762 343 848 legere
363 760 537 828 festinetis:
567 761 623 845 qui
644 760 764 844 maria,
784 759 920 843 insulas,
942 767 1067 824 montes
1088 759 1250 842 famosos,
1271 783 1353 846 pro-

237 865 370 948 vincias,
385 863 546 948 civitates,
558 863 702 948 flumina,
722 873 846 952 gentes,
867 863 915 928 ita
929 863 1124 948 quadrifaria
1138 861 1353 932 distinctione

237 969 423 1054 complexus
445 976 505 1052 est,
526 976 565 1033 ut
585 990 688 1054 paene
709 967 789 1034 nihil
809 967 892 1032 libro
906 967 969 1054 ipsi
984 966 1078 1051 desit,
1100 965 1189 1053 qnod
1202 965 1247 1033 ad
1263 966 1352 1036 cos-

237 1070 407 1161 mographi
428 1071 575 1137 notitiam
597 1071 804 1158 cognoscitur
824 1070 1015 1158 pertinere.“

326 1174 420 1257 Quae
448 1197 544 1260 quarn
570 1173 652 1240 bene
680 1173 839 1260 quadrent
866 1173 900 1238 in
926 1173 1002 1240 Iulii
1029 1173 1167 1240 Honorii
1195 1171 1352 1243 Oratoris

237 1277 526 1366 Gosmographiam
547 1277 642 1343 facile
662 1277 862 1366 intelligitur,
883 1277 931 1344 ita
951 1287 989 1344 ut
1007 1278 1133 1345 nonnisi
1149 1279 1265 1344 frustra
1284 1303 1351 1345 au-

238 1391 360 1449 ctorem
382 1381 480 1447 alium
499 1382 684 1470 excogitare
698 1382 760 1448 sibi
774 1392 893 1450 temere
907 1383 1051 1449 nonnulli
1065 1383 1129 1449 sint
1142 1382 1330 1469 periclitati.

325 1487 375 1551 At
402 1485 478 1550 Iulii
504 1483 644 1550 Honorii
675 1485 819 1550 libellum
847 1510 887 1552 ex
917 1484 1173 1576 Cosmographia
1198 1486 1352 1571 Aethici,

238 1610 335 1672 quam
363 1585 491 1670 dicunt,
519 1587 608 1654 haud
635 1611 791 1674 umquam
818 1589 980 1658 effluxisse
1010 1590 1111 1678 (quod
1137 1589 1268 1676 quidem
1292 1593 1352 1657 alii

238 1690 360 1778 opinati
383 1691 483 1774 sunt),
504 1689 538 1754 id
561 1691 670 1757 multis
693 1695 891 1780 argumentis
912 1696 1128 1761 confirmatur.
1172 1693 1218 1760 Et
1238 1695 1352 1781 primo

238 1793 367 1879 quidem
395 1792 469 1859 libri
496 1795 706 1882 manuscripti
734 1819 845 1866 omnes
867 1799 923 1883 qui
944 1797 1232 1866 Pseudo-Aethici
1251 1798 1353 1864 libel-

237 1900 304 1964 lum
333 1896 500 1982 exhibent,
529 1905 646 1966 octavo
676 1901 805 1968 saeculo
834 1903 1030 1988 antiquiores
1057 1926 1121 1969 non
1148 1911 1237 1970 sunt:
1267 1902 1351 1969 Iulii

238 2000 388 2068 Oratoris
414 2009 521 2068 autern
550 2001 671 2088 codex,
701 2007 757 2091 qui
786 2029 869 2072 unus
895 2008 983 2072 vices
1011 2015 1191 2090 temporum
1219 2006 1351 2095 effugit,

237 2107 369 2172 saeculo
388 2113 490 2188 sexto,
513 2113 570 2171 aut
590 2108 706 2174 saltem
728 2111 876 2197 septimo,
898 2109 1100 2193 conscriptus
1116 2117 1174 2174 est
1213 2109 1353 2177 Deinde

237 2231 331 2292 vero,
360 2206 395 2272 id
418 2207 614 2292 qued'certe
636 2214 767 2291 maximi
789 2209 941 2277 momenti
963 2211 1044 2293 erit,
1070 2233 1111 2276 ex
1139 2221 1229 2278 tanto
1253 2215 1353 2281 codi-

237 2333 312 2380 cum
333 2313 623 2399 manuscriptorum
644 2337 776 2392 numero
799 2319 932 2378 -sunt
953 2311 1038 2377 enim
1054 2313 1122 2378 fere
1135 2319 1356 2402 septuaginta

238 2453 281 2463 —
304 2423 388 2481 tres
410 2424 535 2482 tantum
559 2414 846 2508 Cosmographiam
869 2414 1008 2483 Aethico
1030 2417 1208 2484 inscribunt
1229 2426 1263 2480 et
1288 2425 1357 2504 qui

237 2518 400 2586 saeculum
423 2520 648 2592 duodecimum
670 2547 736 2589 non
760 2531 924 2612 superant.
968 2520 1079 2606 Quare
1099 2522 1160 2588 bos
1180 2542 1294 2586 omnes
1320 2528 1355 2590 si

237 2647 278 2690 ex
305 2624 381 2690 Iulii
409 2622 556 2690 Oratoris
584 2627 667 2692 libro
695 2637 789 2692 natos
818 2651 888 2693 esse
916 2627 1220 2707 demonstrabimus,
1248 2646 1353 2708 quem

123 2730 127 2742 ‘
237 2734 333 2812 putas
355 2734 443 2808 tunc,
465 2728 613 2814 neglecta
633 2727 708 2792 libri
729 2729 939 2812 manuscripti
954 2728 1165 2810 antiquissimi
1179 2734 1213 2790 et
1226 2725 1351 2818 Magni

117 2849 131 2870 ‘
239 2825 425 2894 Cassiodori
448 2832 658 2914 auctoritate,
681 2854 721 2898 ex
742 2831 839 2896 tertia
859 2829 914 2894 illa
936 2825 1212 2916 Oosmographiae
1232 2853 1350 2899 reeen-

238 2933 326 3000 sione
348 2932 431 3000 hanc
453 2935 589 3021 primam
612 2956 777 3000 emanasse
799 2929 1024 3016 opinaturum?

325 3037 418 3105 Haec
440 3046 547 3104 autem
569 3047 608 3104 ut
629 3038 676 3104 ita
693 3061 728 3105 se
742 3036 860 3102 habere
875 3031 1081 3102 ostendamus
1102 3036 1168 3104 iam
1190 3036 1233 3103 ad
1254 3038 1347 3126 ipsos

238 3142 473 3228 manuscriptos
494 3141 593 3210 libros
615 3141 709 3208 nobis
731 3135 949 3208 accedendum
971 3145 1029 3205 est.

743 3373 774 3456 §-
803 3369 835 3438 3.

256 3509 303 3558 nn
321 3509 453 3560 remur
470 3507 696 3562 montemnis
713 3487 845 3559 run'onu
863 3506 909 3560 nr
926 3507 1039 3560 nurus
1056 3507 1323 3570 uuuvscnnrrs.

326 3656 402 3723 Iulii
422 3659 561 3726 Honorii
583 3660 733 3730 Oratoris
754 3657 1028 3748 Cosmograpbia,
1056 3660 1124 3728 sive
1147 3662 1253 3749 prima
1275 3666 1343 3731 eius

240 3759 347 3848 operis
367 3762 522 3844 recensio,
542 3762 647 3833 forma
667 3773 704 3831 ut
726 3763 854 3830 videtur
875 3763 964 3828 haud
983 3764 1110 3853 integra
1132 3765 1174 3831 ad
1194 3789 1253 3832 nos
1270 3793 1344 3854 per-

239 3865 336 3931 venit
373 3862 472 3945 Quod
493 3887 592 3950 quum
615 3893 655 3936 ex
671 3866 867 3954 singulorum
883 3868 1053 3934 verborum
1068 3871 1272 3956 corruptione
1286 3897 1343 3960 pa·

239 3975 298 4052 tet,
321 3967 412 4034 cuius
433 3971 481 4036 rei
502 3994 602 4038 unum
625 3978 750 4037 tantum
773 3971 953 4058 exemplum
977 3973 1123 4056 afferam,
1146 3995 1259 4052 vocem
1281 3980 1342 4043 sci-

239 4068 317 4136 licet
340 4070 394 4156 „et
415 4074 494 4144 vitio
516 4075 609 4143 nobis
631 4071 879 4141 achrosticis
901 4079 1005 4144 esset“
1021 4077 1094 4164 ¹¹⁰):
1116 4085 1187 4144 tum
1209 4080 1263 4146 alii
1279 4081 1341 4148 loci

218 4355 235 4383 ο
311 4297 378 4363 110)
397 4299 442 4355 etr.
462 4301 572 4354 Gronov.
590 4301 606 4350 1.
625 4313 647 4350 o.
665 4313 724 4366 pag.
738 4297 798 4354 tlt.
