<?xml version="1.0" encoding="UTF-8"?>
<!DOCTYPE html PUBLIC "-//W3C//DTD XHTML 1.0 Transitional//EN"
    "http://www.w3.org/TR/xhtml1/DTD/xhtml1-transitional.dtd">
<html xmlns="http://www.w3.org/1999/xhtml" xml:lang="en" lang="en">
 <head>
  <title>
</title>
<meta http-equiv="Content-Type" content="text/html;charset=utf-8" />
  <meta name='ocr-system' content='tesseract 3.04.00' />
  <meta name='ocr-capabilities' content='ocr_page ocr_carea ocr_par ocr_line ocrx_word'/>
</head>
<body>
  <div class='ocr_page' id='page_1' title='image "./decosmographiae01pertgoog_0086.png"; bbox 0 0 2800 5088; ppageno 0'>
   <div class='ocr_carea' id='block_1_1' title="bbox 588 521 628 584">
    <p class='ocr_par' dir='ltr' id='par_1_1' title="bbox 588 521 628 584">
     <span class='ocr_line' id='line_1_1' title="bbox 588 521 628 584; baseline 0 0"><span class='ocrx_word' id='word_1_1' title='bbox 588 521 628 584; x_wconf 83' lang='lat'><strong>75</strong></span> 
     </span>
    </p>
   </div>
   <div class='ocr_carea' id='block_1_2' title="bbox 15 687 1224 2422">
    <p class='ocr_par' dir='ltr' id='par_1_2' title="bbox 15 687 1224 2009">
     <span class='ocr_line' id='line_1_2' title="bbox 62 687 1160 776; baseline 0.001 -20"><span class='ocrx_word' id='word_1_2' title='bbox 62 693 131 774; x_wconf 87' lang='lat' dir='ltr'><strong>erit,</strong></span> <span class='ocrx_word' id='word_1_3' title='bbox 147 691 285 756; x_wconf 87' lang='lat' dir='ltr'><strong>volvisse</strong></span> <span class='ocrx_word' id='word_1_4' title='bbox 304 689 376 756; x_wconf 90' lang='lat' dir='ltr'><strong>illos</strong></span> <span class='ocrx_word' id='word_1_5' title='bbox 397 690 483 756; x_wconf 84' lang='lat' dir='ltr'><strong>viros</strong></span> <span class='ocrx_word' id='word_1_6' title='bbox 505 687 622 756; x_wconf 88' lang='lat' dir='ltr'><strong>librum</strong></span> <span class='ocrx_word' id='word_1_7' title='bbox 644 691 710 756; x_wconf 84' lang='lat' dir='ltr'><strong>iere</strong></span> <span class='ocrx_word' id='word_1_8' title='bbox 732 690 886 756; x_wconf 88' lang='lat' dir='ltr'><strong>eiusmodi</strong></span> <span class='ocrx_word' id='word_1_9' title='bbox 909 693 1017 776; x_wconf 87' lang='lat' dir='ltr'><strong>quales</strong></span> <span class='ocrx_word' id='word_1_10' title='bbox 1038 693 1063 758; x_wconf 92' lang='lat' dir='ltr'><strong>ii</strong></span> <span class='ocrx_word' id='word_1_11' title='bbox 1085 702 1160 758; x_wconf 88' lang='lat' dir='ltr'><strong>sunt</strong></span> 
     </span>
     <span class='ocr_line' id='line_1_3' title="bbox 61 792 1160 881; baseline 0.002 -23"><span class='ocrx_word' id='word_1_12' title='bbox 61 793 100 859; x_wconf 91' lang='lat' dir='ltr'><strong>de</strong></span> <span class='ocrx_word' id='word_1_13' title='bbox 123 794 239 879; x_wconf 88' lang='lat' dir='ltr'><strong>quibus</strong></span> <span class='ocrx_word' id='word_1_14' title='bbox 260 793 342 859; x_wconf 84' lang='lat' dir='ltr'><strong>infra</strong></span> <span class='ocrx_word' id='word_1_15' title='bbox 364 792 608 881; x_wconf 78' lang='lat' dir='ltr'><strong>disputabimus.</strong></span> <span class='ocrx_word' id='word_1_16' title='bbox 646 792 733 859; x_wconf 89' lang='lat' dir='ltr'><strong>Illud</strong></span> <span class='ocrx_word' id='word_1_17' title='bbox 755 814 881 877; x_wconf 87' lang='lat' dir='ltr'><strong>quoque</strong></span> <span class='ocrx_word' id='word_1_18' title='bbox 907 795 1080 862; x_wconf 91' lang='lat' dir='ltr'><strong>notandum</strong></span> <span class='ocrx_word' id='word_1_19' title='bbox 1109 805 1160 862; x_wconf 88' lang='lat' dir='ltr'><strong>est</strong></span> 
     </span>
     <span class='ocr_line' id='line_1_4' title="bbox 59 894 1224 982; baseline 0.004 -20"><span class='ocrx_word' id='word_1_20' title='bbox 59 899 166 982; x_wconf 87' lang='lat' dir='ltr'><strong>sequi,</strong></span> <span class='ocrx_word' id='word_1_21' title='bbox 195 906 232 962; x_wconf 90' lang='lat' dir='ltr'><strong>ut</strong></span> <span class='ocrx_word' id='word_1_22' title='bbox 260 897 384 964; x_wconf 91' lang='lat' dir='ltr'><strong>decimo</strong></span> <span class='ocrx_word' id='word_1_23' title='bbox 411 898 476 964; x_wconf 90' lang='lat' dir='ltr'><strong>iam</strong></span> <span class='ocrx_word' id='word_1_24' title='bbox 499 897 627 964; x_wconf 89' lang='lat' dir='ltr'><strong>saeculo</strong></span> <span class='ocrx_word' id='word_1_25' title='bbox 650 919 789 972; x_wconf 78' lang='lat' dir='ltr'><strong>errorem</strong></span> <span class='ocrx_word' id='word_1_26' title='bbox 811 894 908 960; x_wconf 92' lang='lat' dir='ltr'><strong>istum</strong></span> <span class='ocrx_word' id='word_1_27' title='bbox 937 905 1042 961; x_wconf 91' lang='lat' dir='ltr'><strong>ortum</strong></span> <span class='ocrx_word' id='word_1_28' title='bbox 1062 898 1160 964; x_wconf 83' lang='lat' dir='ltr'><strong>fuisse</strong></span> <span class='ocrx_word' id='word_1_29' title='bbox 1221 958 1224 967; x_wconf 39' lang='lat' dir='ltr'><em>s</em></span> 
     </span>
     <span class='ocr_line' id='line_1_5' title="bbox 61 997 1160 1086; baseline 0 -21"><span class='ocrx_word' id='word_1_30' title='bbox 61 1000 282 1085; x_wconf 82' lang='lat' dir='ltr'>concedamus,</span> <span class='ocrx_word' id='word_1_31' title='bbox 305 1000 360 1086; x_wconf 90' lang='lat' dir='ltr'><strong>qui</strong></span> <span class='ocrx_word' id='word_1_32' title='bbox 383 1000 498 1067; x_wconf 90' lang='lat' dir='ltr'><strong>deinde</strong></span> <span class='ocrx_word' id='word_1_33' title='bbox 520 999 648 1066; x_wconf 84' lang='lat' dir='ltr'><strong>codices</strong></span> <span class='ocrx_word' id='word_1_34' title='bbox 663 1000 830 1066; x_wconf 90' lang='lat' dir='ltr'><strong>nonnullos</strong></span> <span class='ocrx_word' id='word_1_35' title='bbox 846 997 1045 1064; x_wconf 82' lang='lat' dir='ltr'><strong>deformavit</strong></span> <span class='ocrx_word' id='word_1_36' title='bbox 1078 999 1160 1066; x_wconf 77' lang='lat' dir='ltr'><strong>For-</strong></span> 
     </span>
     <span class='ocr_line' id='line_1_6' title="bbox 60 1085 1162 1191; baseline -0.002 -23"><span class='ocrx_word' id='word_1_37' title='bbox 60 1113 145 1169; x_wconf 89' lang='lat' dir='ltr'><strong>tasse</strong></span> <span class='ocrx_word' id='word_1_38' title='bbox 167 1112 273 1169; x_wconf 86' lang='lat' dir='ltr'><strong>autem</strong></span> <span class='ocrx_word' id='word_1_39' title='bbox 295 1104 382 1170; x_wconf 92' lang='lat' dir='ltr'><strong>idem</strong></span> <span class='ocrx_word' id='word_1_40' title='bbox 404 1127 492 1170; x_wconf 90' lang='lat' dir='ltr'><strong>error</strong></span> <span class='ocrx_word' id='word_1_41' title='bbox 514 1127 554 1170; x_wconf 87' lang='lat' dir='ltr'><strong>ex</strong></span> <span class='ocrx_word' id='word_1_42' title='bbox 575 1104 646 1191; x_wconf 89' lang='lat' dir='ltr'><strong>ipso</strong></span> <span class='ocrx_word' id='word_1_43' title='bbox 669 1099 834 1170; x_wconf 82' lang='lat' dir='ltr'><strong>Flodardo</strong></span> <span class='ocrx_word' id='word_1_44' title='bbox 856 1085 1035 1183; x_wconf 78' lang='lat' dir='ltr'><strong>natusest,</strong></span> <span class='ocrx_word' id='word_1_45' title='bbox 1056 1101 1104 1166; x_wconf 88' lang='lat' dir='ltr'><strong>ita</strong></span> <span class='ocrx_word' id='word_1_46' title='bbox 1125 1110 1162 1166; x_wconf 92' lang='lat' dir='ltr'><strong>ut</strong></span> 
     </span>
     <span class='ocr_line' id='line_1_7' title="bbox 58 1203 1161 1293; baseline -0.001 -22"><span class='ocrx_word' id='word_1_47' title='bbox 58 1206 234 1273; x_wconf 87' lang='lat' dir='ltr'><strong>monachos</strong></span> <span class='ocrx_word' id='word_1_48' title='bbox 262 1206 318 1291; x_wconf 91' lang='lat' dir='ltr'><strong>qui</strong></span> <span class='ocrx_word' id='word_1_49' title='bbox 343 1205 419 1270; x_wconf 92' lang='lat' dir='ltr'><strong>Iulii</strong></span> <span class='ocrx_word' id='word_1_50' title='bbox 439 1206 577 1272; x_wconf 90' lang='lat' dir='ltr'><strong>Honorii</strong></span> <span class='ocrx_word' id='word_1_51' title='bbox 599 1205 886 1293; x_wconf 75' lang='lat' dir='ltr'><strong>cosmographiam</strong></span> <span class='ocrx_word' id='word_1_52' title='bbox 914 1205 949 1270; x_wconf 94' lang='lat' dir='ltr'><strong>in</strong></span> <span class='ocrx_word' id='word_1_53' title='bbox 970 1203 1081 1271; x_wconf 89' lang='lat' dir='ltr'><strong>Gallia</strong></span> <span class='ocrx_word' id='word_1_54' title='bbox 1106 1203 1161 1270; x_wconf 90' lang='lat' dir='ltr'><strong>de-</strong></span> 
     </span>
     <span class='ocr_line' id='line_1_8' title="bbox 58 1305 1161 1395; baseline -0.002 -21"><span class='ocrx_word' id='word_1_55' title='bbox 58 1309 257 1395; x_wconf 85' lang='lat' dir='ltr'><strong>scripserunt</strong></span> <span class='ocrx_word' id='word_1_56' title='bbox 285 1316 318 1372; x_wconf 91' lang='lat' dir='ltr'><strong>et</strong></span> <span class='ocrx_word' id='word_1_57' title='bbox 346 1308 401 1391; x_wconf 93' lang='lat' dir='ltr'><strong>qui</strong></span> <span class='ocrx_word' id='word_1_58' title='bbox 427 1307 594 1372; x_wconf 82' lang='lat' dir='ltr'><strong>historiam</strong></span> <span class='ocrx_word' id='word_1_59' title='bbox 624 1309 873 1374; x_wconf 86' lang='lat' dir='ltr'><strong>ecclesiasticam</strong></span> <span class='ocrx_word' id='word_1_60' title='bbox 895 1305 1072 1374; x_wconf 78' lang='lat' dir='ltr'><strong>Flodoardi</strong></span> <span class='ocrx_word' id='word_1_61' title='bbox 1093 1307 1161 1373; x_wconf 90' lang='lat' dir='ltr'><strong>sine</strong></span> 
     </span>
     <span class='ocr_line' id='line_1_9' title="bbox 58 1409 1161 1499; baseline -0.003 -22"><span class='ocrx_word' id='word_1_62' title='bbox 58 1411 160 1478; x_wconf 92' lang='lat' dir='ltr'><strong>dubio</strong></span> <span class='ocrx_word' id='word_1_63' title='bbox 181 1413 336 1499; x_wconf 85' lang='lat' dir='ltr'><strong>legerant,</strong></span> <span class='ocrx_word' id='word_1_64' title='bbox 359 1411 550 1476; x_wconf 88' lang='lat' dir='ltr'><strong>auctoritate</strong></span> <span class='ocrx_word' id='word_1_65' title='bbox 571 1411 646 1477; x_wconf 89' lang='lat' dir='ltr'><strong>talis</strong></span> <span class='ocrx_word' id='word_1_66' title='bbox 667 1411 729 1474; x_wconf 88' lang='lat' dir='ltr'><strong>viri</strong></span> <span class='ocrx_word' id='word_1_67' title='bbox 750 1419 913 1496; x_wconf 88' lang='lat' dir='ltr'><strong>permotos</strong></span> <span class='ocrx_word' id='word_1_68' title='bbox 928 1411 1028 1476; x_wconf 84' lang='lat' dir='ltr'><strong>fuisse</strong></span> <span class='ocrx_word' id='word_1_69' title='bbox 1050 1409 1161 1476; x_wconf 86' lang='lat' dir='ltr'><strong>creda·</strong></span> 
     </span>
     <span class='ocr_line' id='line_1_10' title="bbox 58 1511 1161 1600; baseline -0.001 -21"><span class='ocrx_word' id='word_1_70' title='bbox 58 1537 146 1596; x_wconf 85' lang='lat' dir='ltr'><strong>mus,</strong></span> <span class='ocrx_word' id='word_1_71' title='bbox 175 1522 212 1580; x_wconf 89' lang='lat' dir='ltr'><strong>ut</strong></span> <span class='ocrx_word' id='word_1_72' title='bbox 235 1511 524 1600; x_wconf 83' lang='lat' dir='ltr'><strong>Oosmographiam</strong></span> <span class='ocrx_word' id='word_1_73' title='bbox 546 1513 665 1580; x_wconf 82' lang='lat' dir='ltr'><strong>Ethieo</strong></span> <span class='ocrx_word' id='word_1_74' title='bbox 692 1514 912 1580; x_wconf 79' lang='lat' dir='ltr'><strong>inscriberent.</strong></span> <span class='ocrx_word' id='word_1_75' title='bbox 958 1511 1065 1596; x_wconf 82' lang='lat' dir='ltr'><strong>Quam</strong></span> <span class='ocrx_word' id='word_1_76' title='bbox 1092 1535 1161 1580; x_wconf 90' lang='lat' dir='ltr'><strong>rem</strong></span> 
     </span>
     <span class='ocr_line' id='line_1_11' title="bbox 57 1614 1161 1703; baseline 0 -21"><span class='ocrx_word' id='word_1_77' title='bbox 57 1619 105 1682; x_wconf 89' lang='lat' dir='ltr'><strong>ita</strong></span> <span class='ocrx_word' id='word_1_78' title='bbox 132 1618 252 1682; x_wconf 87' lang='lat' dir='ltr'><strong>factam</strong></span> <span class='ocrx_word' id='word_1_79' title='bbox 278 1639 349 1685; x_wconf 89' lang='lat' dir='ltr'><strong>esse</strong></span> <span class='ocrx_word' id='word_1_80' title='bbox 378 1639 416 1683; x_wconf 87' lang='lat' dir='ltr'><strong>eo</strong></span> <span class='ocrx_word' id='word_1_81' title='bbox 443 1617 570 1682; x_wconf 86' lang='lat' dir='ltr'><strong>facilius</strong></span> <span class='ocrx_word' id='word_1_82' title='bbox 598 1615 843 1703; x_wconf 82' lang='lat' dir='ltr'><strong>persuademur,</strong></span> <span class='ocrx_word' id='word_1_83' title='bbox 877 1614 962 1703; x_wconf 91' lang='lat' dir='ltr'><strong>quod</strong></span> <span class='ocrx_word' id='word_1_84' title='bbox 992 1639 1032 1681; x_wconf 87' lang='lat' dir='ltr'><strong>ex</strong></span> <span class='ocrx_word' id='word_1_85' title='bbox 1057 1615 1161 1682; x_wconf 87' lang='lat' dir='ltr'><strong>tribus</strong></span> 
     </span>
     <span class='ocr_line' id='line_1_12' title="bbox 57 1717 1158 1808; baseline -0.002 -24"><span class='ocrx_word' id='word_1_86' title='bbox 57 1719 153 1785; x_wconf 91' lang='lat' dir='ltr'><strong>huius</strong></span> <span class='ocrx_word' id='word_1_87' title='bbox 175 1718 300 1808; x_wconf 86' lang='lat' dir='ltr'><strong>generis</strong></span> <span class='ocrx_word' id='word_1_88' title='bbox 322 1717 487 1785; x_wconf 80' lang='lat' dir='ltr'><strong>codicibus</strong></span> <span class='ocrx_word' id='word_1_89' title='bbox 513 1719 578 1786; x_wconf 95' lang='lat' dir='ltr'><strong>duo</strong></span> <span class='ocrx_word' id='word_1_90' title='bbox 601 1719 715 1785; x_wconf 87' lang='lat' dir='ltr'><strong>saltem</strong></span> <span class='ocrx_word' id='word_1_91' title='bbox 737 1720 771 1786; x_wconf 93' lang='lat' dir='ltr'><strong>in</strong></span> <span class='ocrx_word' id='word_1_92' title='bbox 795 1718 903 1786; x_wconf 88' lang='lat' dir='ltr'><strong>Gallia</strong></span> <span class='ocrx_word' id='word_1_93' title='bbox 924 1719 1047 1786; x_wconf 86' lang='lat' dir='ltr'><strong>exarati</strong></span> <span class='ocrx_word' id='word_1_94' title='bbox 1069 1725 1158 1784; x_wconf 86' lang='lat' dir='ltr'><strong>sunt:</strong></span> 
     </span>
     <span class='ocr_line' id='line_1_13' title="bbox 57 1820 1160 1912; baseline -0.001 -25"><span class='ocrx_word' id='word_1_95' title='bbox 57 1824 172 1889; x_wconf 88' lang='lat' dir='ltr'><strong>tertius</strong></span> <span class='ocrx_word' id='word_1_96' title='bbox 193 1845 282 1904; x_wconf 80' lang='lat' dir='ltr'><strong>vero,</strong></span> <span class='ocrx_word' id='word_1_97' title='bbox 303 1820 411 1886; x_wconf 90' lang='lat' dir='ltr'><strong>Isaaci</strong></span> <span class='ocrx_word' id='word_1_98' title='bbox 421 1822 536 1889; x_wconf 87' lang='lat' dir='ltr'><strong>·Vossii</strong></span> <span class='ocrx_word' id='word_1_99' title='bbox 557 1822 719 1906; x_wconf 90' lang='lat' dir='ltr'><strong>quondam</strong></span> <span class='ocrx_word' id='word_1_100' title='bbox 737 1824 890 1912; x_wconf 85' lang='lat' dir='ltr'><strong>anglicus,</strong></span> <span class='ocrx_word' id='word_1_101' title='bbox 909 1823 945 1888; x_wconf 88' lang='lat' dir='ltr'><strong>in</strong></span> <span class='ocrx_word' id='word_1_102' title='bbox 959 1823 1160 1888; x_wconf 83' lang='lat' dir='ltr'><strong>Britanniam</strong></span> 
     </span>
     <span class='ocr_line' id='line_1_14' title="bbox 15 1917 1161 2009; baseline -0.002 -17"><span class='ocrx_word' id='word_1_103' title='bbox 15 1917 18 1976; x_wconf 72' lang='grc' dir='ltr'>Ι</span> <span class='ocrx_word' id='word_1_104' title='bbox 56 1927 194 1992; x_wconf 82' lang='lat' dir='ltr'><strong>forsitan</strong></span> <span class='ocrx_word' id='word_1_105' title='bbox 216 1949 257 1991; x_wconf 89' lang='lat' dir='ltr'><strong>ex</strong></span> <span class='ocrx_word' id='word_1_106' title='bbox 280 1923 389 1991; x_wconf 76' lang='lat' dir='ltr'><strong>Gallie</strong></span> <span class='ocrx_word' id='word_1_107' title='bbox 410 1925 486 1991; x_wconf 92' lang='lat' dir='ltr'><strong>olim</strong></span> <span class='ocrx_word' id='word_1_108' title='bbox 508 1924 620 1990; x_wconf 87' lang='lat' dir='ltr'><strong>eodem</strong></span> <span class='ocrx_word' id='word_1_109' title='bbox 641 1925 738 1991; x_wconf 91' lang='lat' dir='ltr'><strong>modo</strong></span> <span class='ocrx_word' id='word_1_110' title='bbox 762 1935 810 1993; x_wconf 90' lang='lat' dir='ltr'><strong>est</strong></span> <span class='ocrx_word' id='word_1_111' title='bbox 833 1926 1005 2008; x_wconf 85' lang='lat' dir='ltr'><strong>deductus,</strong></span> <span class='ocrx_word' id='word_1_112' title='bbox 1034 1947 1097 2009; x_wconf 91' lang='lat' dir='ltr'><strong>quo</strong></span> <span class='ocrx_word' id='word_1_113' title='bbox 1120 1947 1161 1990; x_wconf 84' lang='lat' dir='ltr'><strong>ex</strong></span> 
     </span>
    </p>

    <p class='ocr_par' dir='ltr' id='par_1_3' title="bbox 57 2027 870 2117">
     <span class='ocr_line' id='line_1_15' title="bbox 57 2027 870 2117; baseline 0.002 -25"><span class='ocrx_word' id='word_1_114' title='bbox 57 2029 180 2117; x_wconf 87' lang='lat' dir='ltr'><strong>Anglia</strong></span> <span class='ocrx_word' id='word_1_115' title='bbox 201 2036 315 2115; x_wconf 88' lang='lat' dir='ltr'><strong>postea</strong></span> <span class='ocrx_word' id='word_1_116' title='bbox 335 2027 532 2116; x_wconf 82' lang='lat' dir='ltr'><strong>Lugdunum</strong></span> <span class='ocrx_word' id='word_1_117' title='bbox 553 2028 752 2094; x_wconf 84' lang='lat' dir='ltr'><strong>Batavorum</strong></span> <span class='ocrx_word' id='word_1_118' title='bbox 774 2031 870 2096; x_wconf 87' lang='lat' dir='ltr'><strong>venit.</strong></span> 
     </span>
    </p>

    <p class='ocr_par' dir='ltr' id='par_1_4' title="bbox 145 2130 1105 2219">
     <span class='ocr_line' id='line_1_16' title="bbox 145 2130 1105 2219; baseline -0.006 -19"><span class='ocrx_word' id='word_1_119' title='bbox 145 2131 230 2200; x_wconf 87' lang='lat' dir='ltr'><strong>Sunt</strong></span> <span class='ocrx_word' id='word_1_120' title='bbox 249 2131 358 2218; x_wconf 85' lang='lat' dir='ltr'><strong>igitur,</strong></span> <span class='ocrx_word' id='word_1_121' title='bbox 380 2131 420 2197; x_wconf 94' lang='lat' dir='ltr'><strong>de</strong></span> <span class='ocrx_word' id='word_1_122' title='bbox 441 2132 556 2216; x_wconf 88' lang='lat' dir='ltr'><strong>quibus</strong></span> <span class='ocrx_word' id='word_1_123' title='bbox 575 2133 713 2219; x_wconf 79' lang='lat' dir='ltr'><strong>agimus,</strong></span> <span class='ocrx_word' id='word_1_124' title='bbox 736 2132 810 2198; x_wconf 87' lang='lat' dir='ltr'><strong>libri</strong></span> <span class='ocrx_word' id='word_1_125' title='bbox 830 2132 1041 2216; x_wconf 85' lang='lat' dir='ltr'><strong>manuscripti</strong></span> <span class='ocrx_word' id='word_1_126' title='bbox 1060 2130 1105 2195; x_wconf 92' lang='lat' dir='ltr'><strong>hi.</strong></span> 
     </span>
    </p>

    <p class='ocr_par' dir='ltr' id='par_1_5' title="bbox 57 2231 1161 2422">
     <span class='ocr_line' id='line_1_17' title="bbox 148 2231 1161 2319; baseline -0.004 -16"><span class='ocrx_word' id='word_1_127' title='bbox 148 2237 178 2303; x_wconf 88' lang='lat'><strong>1.</strong></span> <span class='ocrx_word' id='word_1_128' title='bbox 218 2231 311 2300; x_wconf 77' lang='lat' dir='ltr'><strong>cod.</strong></span> <span class='ocrx_word' id='word_1_129' title='bbox 327 2233 575 2302; x_wconf 90' lang='lat' dir='ltr'><strong>Parisiensis</strong></span> <span class='ocrx_word' id='word_1_130' title='bbox 597 2236 713 2305; x_wconf 85' lang='grc'>4808.</span> <span class='ocrx_word' id='word_1_131' title='bbox 736 2237 812 2304; x_wconf 90' lang='lat' dir='ltr'><strong>olim</strong></span> <span class='ocrx_word' id='word_1_132' title='bbox 829 2235 1083 2319; x_wconf 87' lang='lat' dir='ltr'><strong>Moissiaoensis,</strong></span> <span class='ocrx_word' id='word_1_133' title='bbox 1106 2233 1161 2300; x_wconf 87' lang='lat' dir='ltr'><strong>de-</strong></span> 
     </span>
     <span class='ocr_line' id='line_1_18' title="bbox 57 2337 1158 2422; baseline -0.001 -19"><span class='ocrx_word' id='word_1_134' title='bbox 57 2338 132 2404; x_wconf 93' lang='lat' dir='ltr'><strong>inde</strong></span> <span class='ocrx_word' id='word_1_135' title='bbox 161 2337 379 2422; x_wconf 85' lang='lat' dir='ltr'><strong>Pithouanus‚</strong></span> <span class='ocrx_word' id='word_1_136' title='bbox 405 2348 475 2404; x_wconf 84' lang='lat' dir='ltr'><strong>tum</strong></span> <span class='ocrx_word' id='word_1_137' title='bbox 503 2337 694 2420; x_wconf 82' lang='lat' dir='ltr'><strong>Thuaneus,</strong></span> <span class='ocrx_word' id='word_1_138' title='bbox 727 2347 797 2404; x_wconf 85' lang='lat' dir='ltr'><strong>tum</strong></span> <span class='ocrx_word' id='word_1_139' title='bbox 827 2339 1032 2407; x_wconf 87' lang='lat' dir='ltr'><strong>Oolbertinus</strong></span> <span class='ocrx_word' id='word_1_140' title='bbox 1060 2339 1158 2407; x_wconf 84' lang='lat'><strong>2565.</strong></span> 
     </span>
    </p>
   </div>
   <div class='ocr_carea' id='block_1_3' title="bbox 56 2439 1138 2627">
    <p class='ocr_par' dir='ltr' id='par_1_6' title="bbox 56 2439 1138 2627">
     <span class='ocr_line' id='line_1_19' title="bbox 56 2439 684 2523; baseline -0.008 -16"><span class='ocrx_word' id='word_1_141' title='bbox 56 2443 222 2510; x_wconf 87' lang='lat' dir='ltr'><strong>mbranao.</strong></span> <span class='ocrx_word' id='word_1_142' title='bbox 245 2464 309 2505; x_wconf 91' lang='lat' dir='ltr'><strong>non</strong></span> <span class='ocrx_word' id='word_1_143' title='bbox 331 2464 396 2504; x_wconf 90' lang='lat' dir='ltr'><strong>una</strong></span> <span class='ocrx_word' id='word_1_144' title='bbox 417 2463 514 2504; x_wconf 91' lang='lat' dir='ltr'><strong>manu</strong></span> <span class='ocrx_word' id='word_1_145' title='bbox 536 2439 684 2523; x_wconf 85' lang='lat' dir='ltr'><strong>scriptus.</strong></span> 
     </span>
     <span class='ocr_line' id='line_1_20' title="bbox 144 2538 1138 2627; baseline -0.006 -19"><span class='ocrx_word' id='word_1_146' title='bbox 144 2543 239 2608; x_wconf 90' lang='lat' dir='ltr'><strong>Inest</strong></span> <span class='ocrx_word' id='word_1_147' title='bbox 251 2550 379 2627; x_wconf 89' lang='lat' dir='ltr'><strong>praeter</strong></span> <span class='ocrx_word' id='word_1_148' title='bbox 393 2541 456 2605; x_wconf 88' lang='lat' dir='ltr'><strong>alia</strong></span> <span class='ocrx_word' id='word_1_149' title='bbox 470 2539 646 2621; x_wconf 80' lang='lat' dir='ltr'><strong>multa¹⁹⁹)‚</strong></span> <span class='ocrx_word' id='word_1_150' title='bbox 660 2557 758 2601; x_wconf 90' lang='lat' dir='ltr'><strong>manu</strong></span> <span class='ocrx_word' id='word_1_151' title='bbox 772 2559 856 2603; x_wconf 85' lang='lat' dir='ltr'><strong>saec.</strong></span> <span class='ocrx_word' id='word_1_152' title='bbox 867 2539 949 2604; x_wconf 86' lang='lat' dir='ltr'><strong>XH.</strong></span> <span class='ocrx_word' id='word_1_153' title='bbox 967 2538 1138 2624; x_wconf 85' lang='lat' dir='ltr'><strong>conscript.</strong></span> 
     </span>
    </p>
   </div>
   <div class='ocr_carea' id='block_1_4' title="bbox 57 2639 1162 3245">
    <p class='ocr_par' dir='ltr' id='par_1_7' title="bbox 57 2639 1162 2815">
     <span class='ocr_line' id='line_1_21' title="bbox 147 2639 1162 2729; baseline -0.005 -18"><span class='ocrx_word' id='word_1_154' title='bbox 147 2643 506 2710; x_wconf 86' lang='lat' dir='ltr'><strong>Pseudo-Aethici</strong></span> <span class='ocrx_word' id='word_1_155' title='bbox 529 2639 864 2729; x_wconf 71' lang='lat' dir='ltr'><strong>cosmographia3</strong></span> <span class='ocrx_word' id='word_1_156' title='bbox 888 2679 928 2690; x_wconf 86' lang='lat'><strong>-</strong></span> <span class='ocrx_word' id='word_1_157' title='bbox 958 2641 1162 2707; x_wconf 88' lang='lat' dir='ltr'><strong>Itinerarium</strong></span> 
     </span>
     <span class='ocr_line' id='line_1_22' title="bbox 57 2747 227 2815; baseline -0.029 1"><span class='ocrx_word' id='word_1_158' title='bbox 57 2747 227 2815; x_wconf 86' lang='lat' dir='ltr'><strong>Antonini.</strong></span> 
     </span>
    </p>

    <p class='ocr_par' dir='ltr' id='par_1_8' title="bbox 57 2845 1162 3245">
     <span class='ocr_line' id='line_1_23' title="bbox 147 2845 1162 2935; baseline -0.003 -19"><span class='ocrx_word' id='word_1_159' title='bbox 147 2848 239 2916; x_wconf 92' lang='lat' dir='ltr'><strong>Idem</strong></span> <span class='ocrx_word' id='word_1_160' title='bbox 261 2851 342 2918; x_wconf 93' lang='lat' dir='ltr'><strong>liber</strong></span> <span class='ocrx_word' id='word_1_161' title='bbox 364 2858 413 2916; x_wconf 92' lang='lat' dir='ltr'><strong>est</strong></span> <span class='ocrx_word' id='word_1_162' title='bbox 435 2873 475 2916; x_wconf 86' lang='lat' dir='ltr'><strong>ex</strong></span> <span class='ocrx_word' id='word_1_163' title='bbox 497 2871 560 2934; x_wconf 92' lang='lat' dir='ltr'><strong>quo</strong></span> <span class='ocrx_word' id='word_1_164' title='bbox 582 2870 692 2913; x_wconf 90' lang='lat' dir='ltr'><strong>omnes</strong></span> <span class='ocrx_word' id='word_1_165' title='bbox 709 2845 983 2935; x_wconf 84' lang='lat' dir='ltr'><strong>Cosmographiae</strong></span> <span class='ocrx_word' id='word_1_166' title='bbox 1005 2847 1162 2914; x_wconf 90' lang='lat' dir='ltr'><strong>editiones</strong></span> 
     </span>
     <span class='ocr_line' id='line_1_24' title="bbox 59 2949 1162 3042; baseline -0.005 -23"><span class='ocrx_word' id='word_1_167' title='bbox 59 2963 149 3020; x_wconf 88' lang='lat' dir='ltr'><strong>ortae</strong></span> <span class='ocrx_word' id='word_1_168' title='bbox 172 2962 259 3035; x_wconf 83' lang='lat' dir='ltr'><strong>sunt3</strong></span> <span class='ocrx_word' id='word_1_169' title='bbox 282 2956 316 3020; x_wconf 93' lang='lat' dir='ltr'><strong>in</strong></span> <span class='ocrx_word' id='word_1_170' title='bbox 337 2953 481 3042; x_wconf 86' lang='lat' dir='ltr'><strong>margine</strong></span> <span class='ocrx_word' id='word_1_171' title='bbox 503 2951 625 3018; x_wconf 86' lang='lat' dir='ltr'><strong>codicis</strong></span> <span class='ocrx_word' id='word_1_172' title='bbox 647 2952 756 3017; x_wconf 83' lang='lat' dir='ltr'><strong>variae</strong></span> <span class='ocrx_word' id='word_1_173' title='bbox 776 2950 930 3016; x_wconf 85' lang='lat' dir='ltr'><strong>lectiones</strong></span> <span class='ocrx_word' id='word_1_174' title='bbox 953 2950 1075 3015; x_wconf 86' lang='lat' dir='ltr'><strong>codicis</strong></span> <span class='ocrx_word' id='word_1_175' title='bbox 1095 2949 1162 3014; x_wconf 86' lang='lat' dir='ltr'><strong>Ou-</strong></span> 
     </span>
     <span class='ocr_line' id='line_1_25' title="bbox 59 3051 1161 3142; baseline -0.005 -20"><span class='ocrx_word' id='word_1_176' title='bbox 59 3059 135 3123; x_wconf 88' lang='lat' dir='ltr'><strong>iacii</strong></span> <span class='ocrx_word' id='word_1_177' title='bbox 158 3055 329 3124; x_wconf 87' lang='lat' dir='ltr'><strong>adnotatae</strong></span> <span class='ocrx_word' id='word_1_178' title='bbox 351 3058 504 3140; x_wconf 81' lang='lat' dir='ltr'><strong>sunt²⁰⁰).</strong></span> <span class='ocrx_word' id='word_1_179' title='bbox 542 3055 768 3142; x_wconf 88' lang='lat' dir='ltr'><strong>Archetypum</strong></span> <span class='ocrx_word' id='word_1_180' title='bbox 781 3054 854 3136; x_wconf 81' lang='lat' dir='ltr'><strong>fuit,</strong></span> <span class='ocrx_word' id='word_1_181' title='bbox 876 3062 914 3119; x_wconf 91' lang='lat' dir='ltr'><strong>ut</strong></span> <span class='ocrx_word' id='word_1_182' title='bbox 928 3052 1067 3137; x_wconf 78' lang='lat' dir='ltr'><strong>videtur,</strong></span> <span class='ocrx_word' id='word_1_183' title='bbox 1083 3051 1161 3119; x_wconf 91' lang='lat' dir='ltr'><strong>duo-</strong></span> 
     </span>
     <span class='ocr_line' id='line_1_26' title="bbox 57 3159 672 3245; baseline 0.002 -20"><span class='ocrx_word' id='word_1_184' title='bbox 57 3183 132 3226; x_wconf 89' lang='lat' dir='ltr'><strong>rum</strong></span> <span class='ocrx_word' id='word_1_185' title='bbox 154 3159 302 3224; x_wconf 88' lang='lat' dir='ltr'><strong>codioum</strong></span> <span class='ocrx_word' id='word_1_186' title='bbox 324 3161 533 3245; x_wconf 88' lang='lat' dir='ltr'><strong>sequentium.</strong></span> <span class='ocrx_word' id='word_1_187' title='bbox 669 3221 672 3226; x_wconf 76' lang='grc'>,</span> 
     </span>
    </p>
   </div>
   <div class='ocr_carea' id='block_1_5' title="bbox 59 3351 1163 3968">
    <p class='ocr_par' dir='ltr' id='par_1_9' title="bbox 59 3351 1163 3747">
     <span class='ocr_line' id='line_1_27' title="bbox 152 3351 1163 3451; baseline -0.006 -17"><span class='ocrx_word' id='word_1_188' title='bbox 152 3367 223 3434; x_wconf 85' lang='lat' dir='ltr'><strong>l.a.</strong></span> <span class='ocrx_word' id='word_1_189' title='bbox 274 3361 368 3430; x_wconf 84' lang='lat' dir='ltr'><strong>(lod.</strong></span> <span class='ocrx_word' id='word_1_190' title='bbox 398 3352 694 3451; x_wconf 85' lang='lat' dir='ltr'><strong>Berolinensis‚</strong></span> <span class='ocrx_word' id='word_1_191' title='bbox 722 3351 926 3432; x_wconf 88' lang='lat' dir='ltr'><strong>Manusor.</strong></span> <span class='ocrx_word' id='word_1_192' title='bbox 956 3365 1092 3431; x_wconf 87' lang='lat' dir='ltr'><strong>Latin.</strong></span> <span class='ocrx_word' id='word_1_193' title='bbox 1122 3366 1163 3429; x_wconf 92' lang='lat' dir='ltr'><strong>in</strong></span> 
     </span>
     <span class='ocr_line' id='line_1_28' title="bbox 59 3467 1162 3556; baseline -0.004 -18"><span class='ocrx_word' id='word_1_194' title='bbox 59 3470 162 3538; x_wconf 89' lang='lat' dir='ltr'><strong>folio</strong></span> <span class='ocrx_word' id='word_1_195' title='bbox 184 3470 271 3540; x_wconf 83' lang='lat'><strong>359.</strong></span> <span class='ocrx_word' id='word_1_196' title='bbox 296 3477 391 3535; x_wconf 88' lang='lat' dir='ltr'><strong>antea</strong></span> <span class='ocrx_word' id='word_1_197' title='bbox 411 3468 602 3552; x_wconf 86' lang='lat' dir='ltr'><strong>Laetiensis,</strong></span> <span class='ocrx_word' id='word_1_198' title='bbox 625 3494 718 3556; x_wconf 89' lang='lat' dir='ltr'><strong>quem</strong></span> <span class='ocrx_word' id='word_1_199' title='bbox 739 3469 854 3538; x_wconf 90' lang='lat' dir='ltr'><strong>habuit</strong></span> <span class='ocrx_word' id='word_1_200' title='bbox 875 3469 926 3537; x_wconf 89' lang='lat' dir='ltr'><strong>Le</strong></span> <span class='ocrx_word' id='word_1_201' title='bbox 940 3470 1042 3551; x_wconf 81' lang='lat' dir='ltr'><strong>Beau,</strong></span> <span class='ocrx_word' id='word_1_202' title='bbox 1063 3467 1162 3534; x_wconf 88' lang='lat' dir='ltr'><strong>Prae·</strong></span> 
     </span>
     <span class='ocr_line' id='line_1_29' title="bbox 59 3571 1162 3662; baseline -0.004 -20"><span class='ocrx_word' id='word_1_203' title='bbox 59 3598 110 3642; x_wconf 88' lang='lat' dir='ltr'><strong>ses</strong></span> <span class='ocrx_word' id='word_1_204' title='bbox 127 3573 260 3662; x_wconf 87' lang='lat' dir='ltr'><strong>Regius.</strong></span> <span class='ocrx_word' id='word_1_205' title='bbox 283 3595 367 3641; x_wconf 88' lang='lat' dir='ltr'><strong>saec.</strong></span> <span class='ocrx_word' id='word_1_206' title='bbox 383 3571 464 3639; x_wconf 90' lang='grc' dir='ltr'><strong>ΧΠ.</strong></span> <span class='ocrx_word' id='word_1_207' title='bbox 488 3571 701 3662; x_wconf 79' lang='lat' dir='ltr'><strong>membranae.</strong></span> <span class='ocrx_word' id='word_1_208' title='bbox 720 3575 910 3643; x_wconf 88' lang='lat' dir='ltr'><strong>nitidissime</strong></span> <span class='ocrx_word' id='word_1_209' title='bbox 932 3581 1092 3656; x_wconf 84' lang='lat' dir='ltr'><strong>exaratus,</strong></span> <span class='ocrx_word' id='word_1_210' title='bbox 1114 3572 1162 3638; x_wconf 89' lang='lat' dir='ltr'><strong>fo-</strong></span> 
     </span>
     <span class='ocr_line' id='line_1_30' title="bbox 60 3679 275 3747; baseline -0.009 -3"><span class='ocrx_word' id='word_1_211' title='bbox 60 3681 176 3745; x_wconf 82' lang='lat' dir='ltr'><strong>liorum</strong></span> <span class='ocrx_word' id='word_1_212' title='bbox 201 3679 275 3747; x_wconf 82' lang='lat'><strong>135.</strong></span> 
     </span>
    </p>

    <p class='ocr_par' dir='ltr' id='par_1_10' title="bbox 62 3775 1163 3968">
     <span class='ocr_line' id='line_1_31' title="bbox 149 3775 1162 3860; baseline -0.004 -13"><span class='ocrx_word' id='word_1_213' title='bbox 149 3781 280 3847; x_wconf 89' lang='lat' dir='ltr'><strong>Insunt:</strong></span> <span class='ocrx_word' id='word_1_214' title='bbox 310 3781 364 3847; x_wconf 84' lang='lat' dir='ltr'><strong>iol.</strong></span> <span class='ocrx_word' id='word_1_215' title='bbox 385 3784 415 3850; x_wconf 84' lang='lat'><strong>2.</strong></span> <span class='ocrx_word' id='word_1_216' title='bbox 446 3789 524 3846; x_wconf 85' lang='lat' dir='ltr'><strong>rect.</strong></span> <span class='ocrx_word' id='word_1_217' title='bbox 554 3775 663 3845; x_wconf 90' lang='lat' dir='ltr'><strong>Orosii</strong></span> <span class='ocrx_word' id='word_1_218' title='bbox 689 3781 895 3849; x_wconf 88' lang='lat' dir='ltr'><strong>historiarum</strong></span> <span class='ocrx_word' id='word_1_219' title='bbox 915 3781 989 3847; x_wconf 90' lang='lat' dir='ltr'><strong>libri</strong></span> <span class='ocrx_word' id='word_1_220' title='bbox 1011 3779 1096 3860; x_wconf 85' lang='lat' dir='ltr'>VII3</span> <span class='ocrx_word' id='word_1_221' title='bbox 1121 3815 1162 3828; x_wconf 86' lang='lat'><em>-</em></span> 
     </span>
     <span class='ocr_line' id='line_1_32' title="bbox 62 3881 1163 3968; baseline -0.001 -17"><span class='ocrx_word' id='word_1_222' title='bbox 62 3887 115 3952; x_wconf 87' lang='lat' dir='ltr'><strong>fol.</strong></span> <span class='ocrx_word' id='word_1_223' title='bbox 136 3886 228 3954; x_wconf 80' lang='lat'><strong>105¹:</strong></span> <span class='ocrx_word' id='word_1_224' title='bbox 252 3882 429 3950; x_wconf 74' lang='lat' dir='ltr'>INCIPIT</span> <span class='ocrx_word' id='word_1_225' title='bbox 447 3934 454 3949; x_wconf 95' lang='lat'><strong><em>.</em></strong></span> <span class='ocrx_word' id='word_1_226' title='bbox 472 3881 835 3952; x_wconf 77' lang='lat' dir='ltr'><strong>COSMOGRAFIA.</strong></span> <span class='ocrx_word' id='word_1_227' title='bbox 852 3881 1053 3952; x_wconf 81' lang='grc' dir='ltr'><strong>ΑΕΤΤΙΟΙ.</strong></span> <span class='ocrx_word' id='word_1_228' title='bbox 1079 3883 1163 3968; x_wconf 81' lang='lat' dir='ltr'><strong>„Le-</strong></span> 
     </span>
    </p>
   </div>
   <div class='ocr_carea' id='block_1_6' title="bbox 62 3986 1163 4078">
    <p class='ocr_par' dir='ltr' id='par_1_11' title="bbox 62 3986 1163 4078">
     <span class='ocr_line' id='line_1_33' title="bbox 62 3986 1163 4078; baseline 0.001 -25"><span class='ocrx_word' id='word_1_229' title='bbox 62 3988 213 4070; x_wconf 88' lang='lat' dir='ltr'><strong>ctionum</strong></span> <span class='ocrx_word' id='word_1_230' title='bbox 329 3989 395 4074; x_wconf 82' lang='lat' dir='ltr'><strong>[fol.</strong></span> <span class='ocrx_word' id='word_1_231' title='bbox 415 3989 486 4058; x_wconf 88' lang='lat'>109.</span> <span class='ocrx_word' id='word_1_232' title='bbox 511 3986 603 4072; x_wconf 85' lang='lat' dir='ltr'><strong>rect]</strong></span> <span class='ocrx_word' id='word_1_233' title='bbox 628 3989 710 4072; x_wconf 87' lang='lat' dir='ltr'><strong>quae</strong></span> <span class='ocrx_word' id='word_1_234' title='bbox 731 4010 791 4052; x_wconf 89' lang='lat' dir='ltr'><strong>nec</strong></span> <span class='ocrx_word' id='word_1_235' title='bbox 818 3990 925 4078; x_wconf 85' lang='lat' dir='ltr'><strong>colligi</strong></span> <span class='ocrx_word' id='word_1_236' title='bbox 953 4010 1083 4055; x_wconf 85' lang='lat' dir='ltr'><strong>numero</strong></span> <span class='ocrx_word' id='word_1_237' title='bbox 1104 4010 1163 4056; x_wconf 92' lang='lat' dir='ltr'><strong>nec</strong></span> 
     </span>
    </p>
   </div>
   <div class='ocr_carea' id='block_1_7' title="bbox 133 4235 773 4388">
    <p class='ocr_par' dir='ltr' id='par_1_12' title="bbox 133 4235 773 4388">
     <span class='ocr_line' id='line_1_34' title="bbox 134 4235 490 4302; baseline -0.006 -14"><span class='ocrx_word' id='word_1_238' title='bbox 134 4235 201 4300; x_wconf 87' lang='lat'>199)</span> <span class='ocrx_word' id='word_1_239' title='bbox 221 4239 266 4288; x_wconf 87' lang='lat' dir='ltr'><strong>cfr.</strong></span> <span class='ocrx_word' id='word_1_240' title='bbox 285 4253 361 4301; x_wconf 88' lang='lat' dir='ltr'><strong>supra</strong></span> <span class='ocrx_word' id='word_1_241' title='bbox 377 4253 435 4302; x_wconf 84' lang='lat' dir='ltr'><strong>pag.</strong></span> <span class='ocrx_word' id='word_1_242' title='bbox 448 4235 490 4288; x_wconf 85' lang='grc'><strong>21.</strong></span> 
     </span>
     <span class='ocr_line' id='line_1_35' title="bbox 133 4321 773 4388; baseline -0.003 -14"><span class='ocrx_word' id='word_1_243' title='bbox 133 4321 201 4384; x_wconf 87' lang='grc'>200)</span> <span class='ocrx_word' id='word_1_244' title='bbox 220 4323 266 4373; x_wconf 84' lang='lat' dir='ltr'><strong>cfr.</strong></span> <span class='ocrx_word' id='word_1_245' title='bbox 284 4324 470 4373; x_wconf 81' lang='lat' dir='ltr'><strong>D’Avezacium</strong></span> <span class='ocrx_word' id='word_1_246' title='bbox 488 4325 504 4374; x_wconf 92' lang='lat' dir='ltr'><strong>l.</strong></span> <span class='ocrx_word' id='word_1_247' title='bbox 518 4338 539 4373; x_wconf 83' lang='lat' dir='ltr'><strong>c.</strong></span> <span class='ocrx_word' id='word_1_248' title='bbox 559 4338 616 4388; x_wconf 81' lang='lat' dir='ltr'><strong>pag.</strong></span> <span class='ocrx_word' id='word_1_249' title='bbox 630 4321 689 4374; x_wconf 79' lang='lat'><strong>296.</strong></span> <span class='ocrx_word' id='word_1_250' title='bbox 710 4331 773 4374; x_wconf 86' lang='lat' dir='ltr'><strong>extr.</strong></span> 
     </span>
    </p>
   </div>
   <div class='ocr_carea' id='block_1_8' title="bbox 0 0 1404 5088">
    <p class='ocr_par' dir='ltr' id='par_1_13' title="bbox 0 0 1404 5088">
     <span class='ocr_line' id='line_1_36' title="bbox 0 0 1404 5088; baseline 0 0"><span class='ocrx_word' id='word_1_251' title='bbox 0 0 1404 5088; x_wconf 95' lang='lat' dir='ltr'><strong> </strong></span> 
     </span>
    </p>
   </div>
  </div>
 </body>
</html>
