2780 5092
579 498 638 566 181

53 673 127 738 Nos
150 681 257 737 autem
279 671 320 736 de
335 672 392 768 ,his
414 672 479 738 iam
501 672 640 738 vidimus
662 672 823 757 quomodo
841 693 876 736 se
890 669 1041 750 habeant,
1065 691 1161 753 quare

53 797 141 840 nnnc
163 797 268 860 pauca
289 773 437 841 addimus
458 776 499 840 de
521 775 556 842 S.
573 775 687 863 cyrilli
710 774 883 842 elementis.

143 878 259 962 Itaque
281 879 309 942 si
331 901 408 943 vera
430 887 504 944 sunt
527 903 609 964 quae
628 903 725 966 supra
740 877 948 962 comprobare
963 875 1026 940 nisi
1041 896 1161 956 sumna,

54 1003 160 1046 nonne
182 981 309 1048 inversa
331 982 489 1047 Dobrovii
512 984 670 1049 sententia
691 983 799 1069 apices
822 977 993 1066 Cyrillicos
1016 1001 1056 1042 ex
1080 974 1161 1043 Gla·

54 1085 195 1172 goliticis
217 1083 319 1151 videri
341 1093 434 1150 natos
458 1085 635 1170 edicemus,
659 1096 692 1151 et
713 1087 759 1150 ita
782 1084 911 1170 quidem
933 1091 1037 1164 natos,
1059 1089 1096 1144 ut
1118 1079 1159 1144 de

54 1211 113 1253 sno
136 1188 260 1253 litteras
282 1189 449 1253 nonnullas
465 1187 622 1275 Gyrillum
645 1187 806 1252 addidisse
827 1185 1078 1272 praedicandum
1096 1183 1158 1249 sit?

53 1293 129 1356 Hoc
152 1301 259 1358 autem
282 1291 437 1356 accidisse
459 1301 495 1355 ut
517 1301 711 1374 statuamus,
738 1291 863 1356 duobus
885 1289 1085 1375 potissimum
1109 1309 1158 1352 ar·

52 1395 214 1482 gamantia
236 1393 435 1460 adducimur.

144 1501 172 1566 1.
219 1498 349 1562 Etenim
378 1499 405 1562 si
434 1507 557 1564 attento
589 1499 694 1564 animo
723 1499 879 1563 rationem
908 1496 1156 1578 consideramus,

53 1624 119 1686 qua
141 1602 297 1666 elementa
317 1600 494 1666 litterarum
512 1601 599 1688 apud
613 1601 754 1690 singulas
769 1603 912 1667 nationes
928 1600 1057 1666 condita
1071 1607 1156 1680 snut,

51 1705 159 1790 primo
187 1704 315 1788 quidem
342 1726 464 1789 paucos
492 1711 619 1770 tantum
647 1707 755 1791 apices
778 1713 811 1770 et
833 1728 887 1770 eos
910 1704 1025 1788 quibus
1048 1723 1157 1768 carere

51 1806 144 1869 nullo
173 1805 268 1870 modo
289 1815 453 1892 poterant,
483 1809 750 1874 inventost'uisse
773 1809 965 1894 accepimus.
1012 1805 1079 1874 Sed
1100 1805 1156 1870 ubi

52 1906 172 1972 deinde
200 1906 302 1974 indies
329 1909 483 1976 bonarum
514 1913 631 1978 artium
660 1911 767 1978 studio
797 1907 998 1999 mag'is,sese
1029 1909 1156 1973 tradere

51 2019 230 2096 coeperunt
250 2012 369 2076 factum
393 2024 458 2098 est,
482 2023 520 2079 ut
541 2016 719 2080 litterarum
742 2013 860 2082 ductus
883 2037 963 2101 quos
985 2036 1011 2079 a.
1026 2010 1154 2078 maiori-

51 2117 112 2180 bus
130 2124 331 2200 acceperant,
353 2141 428 2182 mox
443 2120 516 2184 usui
530 2118 717 2203 quotidiano
734 2141 797 2182 nou
813 2119 1004 2184 sufficerent.
1037 2115 1153 2199 Itaque

51 2242 110 2303 pro
132 2218 323 2284 necessitate
345 2241 404 2284 sua
423 2223 535 2288 formis
564 2231 620 2288 aut
640 2222 766 2287 noviter
787 2223 925 2289 inventis
947 2229 1003 2286 aut
1026 2216 1152 2284 aliunde

51 2322 198 2408 sumptis,
220 2344 275 2388 eas
297 2321 468 2408 alphabeto
490 2327 590 2390 veteri
612 2325 803 2392 inserebant

139 2424 248 2507 Quam
270 2447 338 2489 rem
360 2426 407 2489 ita
429 2449 464 2492 aa
486 2426 604 2492 habere
626 2452 724 2514 quum
746 2427 816 2492 aliis
839 2428 963 2510 multis,
986 2436 1054 2492 turn
1078 2435 1153 2490 ante

50 2531 159 2594 omnia
181 2521 319 2594 Graecis
339 2528 457 2594 litteris
477 2530 640 2615 probatur.
750 2565 752 2572 v

138 2633 295 2720 Legimus
306 2634 361 2714 ⁴⁹⁵)
387 2632 471 2697 enim
492 2632 616 2699 litteras
636 2635 671 2700 in
688 2635 860 2702 Graeciam
881 2633 984 2720 primo
1007 2654 1024 2696 e
1046 2628 1151 2694 Phoe-

51 2738 120 2801 nice
141 2735 287 2800 intulisse
309 2733 470 2800 Cadmum
493 2737 632 2804 sedecim
647 2763 797 2823 numero,
820 2738 937 2823 quibus
957 2732 1152 2804 Palameden

51 2840 129 2904 alias
151 2846 289 2922 quatuor
310 2838 467 2906 adiecisse
489 2839 616 2926 dicunt,
639 2845 778 2910 seilicet:
816 2845 842 2906 Θ
859 2847 882 2906 Χ
898 2839 930 2906 Φ
946 2843 988 2922 Ξ,
1016 2837 1152 2904 totidem

50 2952 124 3026 post
151 2965 225 3007 eum
248 2941 445 3009 Simonidem
467 2945 631 3011 melicum:
664 2948 688 3010 Ζ
708 2949 731 3010 Η
750 2948 780 3008 Ψ
795 2946 835 3008 Ω.
880 2941 1072 3006 Aristoteles
1095 2962 1151 3004 an-

49 3056 116 3110 tem
142 3044 179 3107 X
207 3053 240 3127 et
261 3045 356 3108 VllL
386 3047 493 3131 pricas
520 3049 631 3116 fuisse:
656 3042 1147 3112 auscultantium

50 3152 72 3212 Ρ
87 3149 114 3212 Σ
126 3147 152 3208 Τ
163 3147 188 3208 Υ
199 3143 249 3227 Φ,
279 3153 312 3210 et
340 3147 420 3213 duas
448 3150 488 3215 ab
516 3152 711 3240 Epicharmo
741 3149 869 3215 additas
897 3151 923 3214 Θ
936 3152 976 3231 Χ,
1006 3169 1102 3231 qnam
1132 3169 1151 3210 a

48 3248 223 3314 Palamede
246 3251 376 3315 mavult.

136 3353 228 3418 Idem
251 3351 468 3421 Romanorum
491 3381 616 3444 quoque
639 3359 809 3448 alphabeto
832 3356 988 3422 accidisse
1016 3355 1149 3419 scimus:

50 3457 277 3541 antiquissimis
299 3461 384 3525 enim
412 3463 610 3548 temporibus
638 3464 764 3530 nonnisi
792 3461 890 3528 XIX.
918 3458 1033 3525 litteris
1062 3480 1149 3524 com·

49 3562 188 3645 positum
208 3561 279 3645 fuit,
300 3563 425 3629 scilicet
447 3587 504 3629 axz
521 3558 1149 3643 'ABODEFHIKLMNOPQ

49 3661 78 3728 R
91 3663 115 3730 S
128 3663 157 3728 Τ
171 3664 213 3730 V.
259 3666 407 3752 Denique
429 3669 661 3734 vetustissimos
680 3667 916 3736 Germanorum
939 3669 1047 3754 apices
1069 3685 1150 3750 quos

51 3766 200 3848 „Runas“
217 3779 344 3852 vocant,
367 3771 480 3836 eodem
494 3772 591 3845 modo
605 3772 770 3859 paullatim
785 3774 956 3839 increvisse
972 3772 1043 3854 quis
1058 3769 1150 3853 igno·

49 3871 117 3934 rat?
163 3869 250 3952 Quin
279 3873 376 3937 etiam
399 3873 439 3938 de
461 3876 620 3940 nonnullis
642 3897 753 3940 eorum
776 3897 839 3959 quo
862 3885 1005 3958 tempore
1027 3869 1147 3934 inventi

50 3973 217 4038 videantur
245 3983 371 4042 constat
383 3979 450 4058 ⁴⁹⁶).
496 3977 547 4042 Ex
577 3978 692 4064 quibus
721 4001 817 4061 quum
848 3975 1052 4062 alphabetum
1079 3970 1148 4036 Go-

124 4134 210 4142 .„-.--0-
221 4134 245 4139 —-

116 4220 185 4283 495)
204 4222 271 4284 apud
289 4223 408 4287 Plinium,
428 4227 492 4276 Hist.
512 4227 623 4276 Natural.
642 4229 685 4276 lib.
698 4229 754 4277 Vll.
774 4243 831 4290 cap.
843 4225 885 4276 56,
905 4233 965 4274 sect
985 4224 1027 4274 57.

116 4304 185 4365 496)
206 4316 234 4358 nt
252 4308 283 4358 de
301 4307 542 4368 Angla-Saxonum
561 4315 635 4365 Runa
653 4329 690 4376 aa,
710 4330 774 4378 quae
793 4315 817 4364 X
836 4315 933 4364 litterae
952 4313 1002 4362 vim
1021 4312 1104 4371 habet
1125 4317 1150 4357 et
