2780 5092
568 511 872 591 193-ι

48 696 184 778 „tamina
212 705 247 760 et
273 703 398 782 strages
426 697 639 782 universaque
667 699 752 764 mala
787 711 973 786 perpetrata
1007 705 1145 790 fuerunt,

49 800 194 886 „longum
215 807 265 864 est
283 799 396 880 inseri3
420 799 586 884 Romulus,
610 802 728 868 amissa
747 802 831 869 inter
852 805 984 872 eaedem
1005 809 1147 876 maxima

49 909 155 989 „parte
175 903 334 968 exereitus
356 904 416 986 sui,
445 911 552 969 tamen
577 927 649 970 cum
671 906 781 974 multis
803 910 914 993 spoliis
936 912 987 976 vel
1009 913 1146 996 captivis

49 1027 210 1088 „reversus
232 1010 313 1074 est“.

133 1109 233 1192 „Post
255 1109 335 1175 haee
356 1110 522 1176 Valeriam
551 1112 738 1198 debellavit,
767 1116 862 1182 urbes
890 1117 1067 1182 maritimas
1092 1140 1144 1182 us-

49 1236 128 1297 „que
141 1213 256 1279 Italiae
276 1213 356 1279 fines
378 1215 475 1300 oepit,
499 1239 536 1281 ac
556 1224 650 1282 tenus
662 1218 835 1285 Mantuam
851 1219 962 1286 urbem
977 1219 1144 1304 accedens,

49 1317 141 1400 „quia
167 1317 282 1382 Manto
304 1318 448 1384 Tiresiae
471 1320 552 1402 filia,
580 1329 653 1405 post
675 1324 839 1389 interitum
861 1323 1088 1391 Thebanorum
1111 1325 1144 1389 in

49 1421 192 1503 „Italiam
221 1421 390 1506 comitata,
418 1423 450 1487 in
473 1423 613 1489 Venetia
641 1448 723 1510 quae
746 1425 855 1494 Gallia
877 1424 1043 1513 Cisalpina
1064 1426 1144 1492 dici·

48 1533 133 1608 „tur‚
154 1524 239 1590 hanc
260 1525 371 1590 urbem
395 1524 428 1591 in
451 1528 671 1594 collectionem
693 1531 851 1598 incolatus
873 1531 923 1598 sui
946 1530 1141 1611 aedificavit3

47 1651 159 1713 „quam
189 1627 351 1713 praefatus
372 1628 529 1698 Romulus
558 1631 591 1698 vi
612 1633 737 1700 roboris
759 1635 808 1700 sui
831 1634 983 1701 certando
1006 1634 1145 1720 capessit

48 1741 100 1812 „et
126 1731 308 1797 ventilando
337 1732 444 1798 diruit.
490 1735 677 1821 Iterumque
700 1735 825 1803 Gallias
853 1737 996 1803 edomuit
1016 1739 1050 1802 in
1072 1759 1145 1804 sua-

49 1853 130 1915 „que
152 1832 269 1899 ditione
289 1835 475 1901 tributarias
496 1838 584 1921 feeit,
606 1839 756 1923 omnique
778 1840 901 1904 malitia
923 1850 1145 1906 consummata

48 1934 165 2023 „regna
192 1957 229 2002 ac
256 1947 358 2005 terras
386 1940 541 2027 sanguine
563 1939 703 2006 hnmano
725 1942 860 2007 infectas
881 1942 915 2006 in
937 1950 1078 2026 tantum,
1107 1953 1144 2008 ut

46 2048 138 2124 „post
164 2038 244 2105 haec
270 2043 423 2128 captivati
446 2043 654 2130 plurimorum
676 2045 881 2132 parvulorum
910 2067 949 2109 ac
976 2047 1144 2112 mulierum

45 2143 234 2225 „multarum
256 2129 381 2232 quoque
403 2148 568 2236 regionum
590 2150 777 2235 ignorarent
791 2158 824 2213 et
838 2158 940 2215 terras
955 2157 988 2215 et
1006 2150 1143 2238 linguae,

45 2257 96 2330 „et
117 2271 289 2332 numquam
311 2261 488 2318 remeantes
513 2253 645 2339 propria
666 2253 718 2318 vel
741 2253 937 2340 propinquos
958 2253 1142 2319 amiserunt.

44 2353 138 2437 „Ipse
161 2373 286 2437 quoque
307 2351 464 2424 Romulus
486 2365 560 2443 post
581 2365 631 2421 tot
652 2357 796 2421 facinora
818 2364 851 2421 et
873 2358 938 2421 vim
957 2367 990 2423 et
1005 2357 1143 2424 animam

44 2456 259 2541 „iniquissime
282 2466 315 2522 ct
336 2457 467 2546 indigne
488 2459 589 2544 fudit,
615 2459 665 2524 vel
688 2459 729 2524 ob
753 2459 850 2526 missa
871 2459 984 2525 mundi
1005 2461 1144 2545 plurima

43 2560 147 2642 „bella
169 2560 219 2624 vel
242 2561 332 2626 olade
354 2563 536 2648 pestifera“.

128 2663 191 2728 En'
202 2685 322 2730 novum
343 2676 566 2754 argumentum
589 2690 653 2753 quo
667 2666 957 2756 Cosmographiam
978 2690 998 2734 a
1013 2666 1048 2736 S.
1064 2668 1143 2734 Hie·

39 2790 175 2855 ronymo
196 2769 385 2834 translatam
406 2770 503 2836 suisa
526 2773 814 2858 comprobabimus.
861 2770 954 2853 Quae
977 2795 1075 2857 quum
1097 2774 1145 2837 ita

40 2875 118 2955 sint,
143 2869 291 2956 equidem
313 2879 463 2958 putamus
484 2900 543 2963 pro
566 2875 672 2943 verbis
694 2877 772 2942 illis:
806 2874 992 2963 „Excerpta
1014 2899 1054 2941 ex
1076 2877 1144 2942 En·
1247 2887 1253 2902 ¹

39 2978 118 3043 sebii
140 2973 321 3058 Chronico,
348 2976 548 3066 Hieronymo
576 2980 770 3067 iuterprete“
802 2976 888 3063 apud
910 2977 1142 3066 Fredegarium

39 3078 242 3145 scribendum
265 3100 335 3144 esse
352 3078 584 3168 „Excerpta
605 3106 652 3149 ex
668 3080 809 3147 Ethioi
825 3078 1143 3168 Cosmlographia

38 3184 286 3270 Hieronymo
315 3181 582 3270 interprete“‚
610 3185 797 3273 praesertim
826 3205 922 3268 quum
952 3184 1143 3269 (quodiam

36 3310 136 3373 supra
158 3288 285 3372 saepius
307 3288 513 3372 exposuimus
525 3293 598 3375 ⁵²⁸),
628 3289 768 3355 nonnulli
793 3286 867 3353 Iulii
891 3286 1039 3354 Oratoris
1062 3287 1143 3355 Cos-

37 3390 248 3478 mograplriae
269 3391 480 3478 manuscripti
503 3393 630 3461 codices
652 3393 780 3459 titulum
803 3390 909 3458 libello
929 3391 1015 3457 huno
1029 3393 1143 3458 inscri-

36 3495 132 3558 bant:
166 3493 304 3581 „Incipit
333 3492 539 3562 Chronica
567 3497 639 3562 Iulii
670 3496 849 3563 Caesaris“.
896 3493 1006 3576 Quare
1036 3495 1077 3562 ad
1106 3495 1142 3564 S.

36 3598 289 3684 Hieronymum,
318 3600 368 3664 vel
390 3601 498 3686 potius
522 3600 564 3666 ad
585 3600 738 3666 Ethicum
766 3598 1010 3686 philosophum,
1033 3623 1145 3668 omnes

35 3703 110 3767 illae
139 3701 179 3766 de
207 3703 330 3788 origine
358 3702 558 3770 Francorum
592 3703 719 3770 fabulae
749 3713 912 3772 auctorem
941 3704 1143 3772 reducendae

35 3813 126 3885 sunt,
157 3823 260 3888 neque
287 3805 352 3871 ullo
381 3807 478 3871 modo
507 3806 595 3874 hisee
623 3808 834 3874 obversantur
863 3830 945 3893 quae
971 3808 1013 3872 ad
1035 3808 1143 3872 locum

35 3906 229 3995 fredegarii
250 3930 325 3996 pag.
342 3911 417 3978 461.
441 3911 592 3996 Bouquet
614 3911 790 3993 adnotavit,
813 3911 867 3995 qui
890 3911 1052 3994 exscripta
1074 3931 1144 3975 essa

34 4013 136 4076 verba
164 4019 259 4096 putat
287 4035 328 4078 ex
349 4013 480 4080 Daretis
502 4015 638 4102 Phrygii
666 4013 799 4078 historia
828 4012 870 4078 de
894 4012 1017 4101 origine
1039 4012 1144 4078 Fran-

34 4136 158 4182 corum.
203 4113 291 4179 Nam
314 4139 412 4203 supra
435 4117 590 4201 diximus,
619 4138 727 4184 omnes
756 4116 849 4183 huius
872 4116 997 4208 generis
1019 4114 1143 4182 tabulas

34 4265 239 4276 --———————·-

106 4345 177 4408 528)
197 4361 255 4411 pag.
269 4341 312 4404 28,
333 4341 375 4404 ³1,
395 4345 436 4408 ³2,
456 4349 497 4399 33.

901 4433 941 4501 13
