2780 5092
604 482 663 548 141

86 652 357 742 Oosmographiae
380 654 615 736 translatorem,
639 654 821 736 quicunque
842 653 951 738 inerit,
978 657 1095 722 nimiae
1118 679 1186 726 cre-

85 757 227 824 dulitatis
249 781 312 823 non
335 759 435 824 solum
459 757 676 824 accusandum
698 778 763 821 non
785 777 867 840 esse,
888 781 997 822 verum
1020 759 1117 824 etiam
1138 762 1186 824 vi·
1242 751 1247 760 ’

83 884 153 926 rum
174 862 273 928 luisse
296 861 325 926 si
347 869 484 928 aetatem
507 861 575 926 eius
596 858 786 946 respicimus
814 855 1053 945 κριτικώτατον.
1099 860 1186 928 (lon-

83 964 181 1048 leras,
205 986 341 1049 quaes0,
364 987 437 1032 cum
459 964 518 1030 tali
538 961 667 1028 homine
691 959 846 1028 Sanctum
868 961 1045 1045 Isidorum,
1076 965 1131 1048 qni
1152 967 1186 1030 in

82 1067 360 1154 Etymologiarum
394 1067 484 1132 libris
517 1066 585 1134 sine
618 1065 683 1132 ullo
712 1063 778 1129 fere
808 1063 928 1130 iudicio
956 1064 1185 1134 absurdissima

82 1191 227 1254 quaeque
248 1169 390 1254 undique
412 1171 582 1259 congessit,
609 1176 641 1234 et
664 1166 719 1252 qui
741 1167 842 1232 multa
861 1189 990 1252 quoque
1012 1193 1053 1234 ex
1074 1179 1185 1236 nostro

81 1273 161 1338 nihil
182 1272 348 1338 haesitans
369 1274 498 1358 recepit.
534 1273 636 1338 Erant
658 1279 766 1338 autem
787 1281 967 1356 temporum
988 1274 1114 1340 illorum
1135 1275 1184 1340 in·

81 1376 178 1460 genia
206 1373 250 1438 ad
279 1374 386 1442 omnia
411 1375 597 1462 prodigiosa
623 1397 683 1460 pro
710 1374 794 1442 reris
823 1375 1043 1461 accipiendum
1070 1400 1184 1462 prona,

81 1499 181 1560 quare
202 1477 328 1546 factum
350 1485 398 1542 est
418 1486 456 1544 ut
474 1479 542 1544 fere
561 1476 666 1544 nullus
688 1486 799 1546 auctor
820 1480 947 1564 saepius
971 1487 1004 1545 et
1023 1481 1184 1567 legeretur

81 1587 112 1644 et
134 1580 370 1644 exscriberetur
391 1601 486 1662 quam
508 1579 607 1646 Iulius
636 1581 689 1646 ille
711 1581 856 1665 Solinus,
886 1583 941 1666 qui
964 1584 1104 1650 cuiusvis
1127 1607 1183 1672 ge-

81 1683 164 1747 neris
185 1689 330 1747 monstra
350 1681 383 1746 in
400 1682 644 1769 „Polyhistore“
660 1685 834 1750 lectoribus
856 1687 1033 1772 proposuit.
1067 1687 1183 1772 Itaque

83 1783 353 1872 Cosmogrephiae
381 1783 492 1850 Ethioi
518 1786 691 1870 interpres,
721 1809 818 1868 quum
847 1797 903 1855 aut
930 1789 1074 1856 omiserit
1100 1813 1182 1875 quae

83 1886 279 1952 incredibilia
300 1886 362 1954 sibi
384 1887 455 1952 visa
476 1895 561 1968 sunt,
585 1895 642 1952 aut
664 1887 776 1951 saltem
800 1909 924 1970 semper
940 1890 1007 1952 fere
1028 1892 1182 1956 iudicium
1233 1933 1236 1938 -

82 2011 172 2054 suum
194 1989 369 2082 addiderit,
398 1989 486 2058 nulla
515 1996 604 2066 certe
632 2009 729 2053 causa
751 1995 818 2072 est,
840 2010 897 2054 cur
919 2010 939 2052 a
960 1986 1081 2054 Sancto
1103 1992 1182 2058 Hie-

80 2115 211 2180 ronymo
233 2093 394 2160 diversum
417 2116 491 2160 eum
511 2093 609 2160 fuisse
631 2091 871 2160 contendamus.

163 2229 195 2297 3.
240 2228 326 2292 Illud
353 2229 462 2314 potius
491 2225 706 2312 quaerendum
735 2227 828 2294 nobis
857 2226 934 2309 erit,
965 2227 1181 2314 quautaudem

79 2332 200 2397 ratione
230 2329 388 2397 adductus
411 2331 550 2398 Sanctus
572 2329 790 2412 Hieronymus
818 2339 885 2393 tam
910 2330 1023 2396 insulsi
1043 2331 1181 2400 hominis

80 2457 156 2520 opus
187 2433 465 2518 interpretandum
499 2429 561 2494 sibi
596 2429 805 2516 assumpsisse
836 2430 1005 2498 videatur?
1058 2433 1104 2495 Et
1140 2437 1181 2500 de

79 2536 137 2602 hac
166 2561 201 2603 re
230 2535 309 2619 quid
338 2531 527 2598 edicendum
557 2529 599 2594 sit
630 2551 695 2600 non
728 2529 807 2594 satis
840 2528 922 2594 scire
956 2551 1016 2594 nos
1046 2529 1182 2599 libenter

80 2641 274 2706 confitemur.
308 2637 384 2703 Nisi
404 2636 487 2702 forte
509 2635 542 2699 in
565 2631 623 2714 tali
639 2622 762 2696 ratione
778 2632 1031 2717 acquiescemus,
1054 2637 1182 2720 qualem

78 2743 144 2829 ipse
172 2743 391 2830 Hieronymus
421 2741 456 2804 in
491 2735 746 2825 cosmographia
778 2735 925 2823 profert„
966 2737 1059 2805 Dicit
1095 2743 1180 2808 euim
1207 2797 1208 2802 1
1285 2805 1289 2812 .

67 2869 149 2934 pag.
169 2847 244 2929 500,
267 2869 297 2911 r.
317 2846 366 2914 ll.
384 2865 468 2930 sqq:
552 2863 556 2870 ’

166 2983 299 3068 „Itaque
328 3007 392 3049 non
419 2991 545 3047 tantum
573 3003 662 3046 meae
691 2999 806 3043 causae
829 2979 890 3042 fuit
916 2995 1026 3043 eorum
1047 2981 1179 3068 palpare

78 3095 109 3150 et
132 3085 299 3149 enucleare
320 3085 454 3172 paginas
476 3093 512 3147 ut
533 3084 567 3147 in
596 3079 717 3167 aliquid
745 3081 791 3144 rei
813 3081 958 3148 veritatis
981 3081 1178 3168 prodessem,

77 3191 233 3270 quantum
256 3208 275 3250 a
295 3185 556 3272 praecedentibus
577 3183 751 3252 lectoribus
774 3206 913 3250 errorem
929 3186 1124 3273 enigmatum
1140 3189 1177 3252 il-

11 3367 12 3384 *
76 3289 181 3354 lorum
196 3288 229 3352 in
242 3289 348 3375 palam
366 3289 526 3374 obnixam,
548 3291 600 3355 vel
616 3311 750 3378 parvam
766 3289 952 3376 repagulam
968 3289 1177 3372 retinendam,

11 3389 12 3468 j
78 3391 245 3458 sohedrdas
268 3395 467 3478 querelarum
489 3395 616 3460 illorum
632 3383 875 3478 fiiturorurnque
896 3393 1053 3458 lectorum
1076 3393 1177 3480 scrip-

11 3485 12 3500 *
78 3504 245 3582 torumque
266 3497 470 3584 panderem“.

162 3633 255 3718 Quae
270 3638 297 3704 si
313 3645 401 3726 recte
415 3633 632 3720 intelligimus,
644 3631 706 3696 hoc
722 3620 817 3732 dicit:
840 3659 875 3704 se
887 3623 1176 3726 Oosmograpbiam

77 3760 137 3804 non
165 3761 237 3804 eam
265 3740 306 3804 ob
337 3759 469 3804 causam
497 3757 621 3800 summo
649 3733 758 3804 labore
780 3739 980 3811 transtulisse
1003 3749 1099 3822 atque
1122 3761 1177 3823 ex-

77 3841 220 3926 plicasse,
243 3841 442 3905 ut'fiuotum
462 3839 560 3904 ferret
582 3837 724 3904 veritati:
749 3842 806 3906 sed
826 3851 863 3908 ut
881 3842 1081 3926 sequentium
1095 3847 1176 3902 tem-

77 3967 187 4029 porum
208 3947 346 4011 lectores
363 3941 458 4008 abiis
475 3941 634 4009 erroribus
650 3950 783 4024 arceret,
805 3944 839 4008 in
855 3967 934 4028 quos
949 3940 1177 4027 praecedentes

78 4069 182 4115 omnes
203 4046 399 4114 incidissent.
435 4045 507 4112 Hos
530 4055 637 4114 autem
658 4067 780 4112 errores
803 4045 941 4128 alibi⁸²³)
959 4044 1038 4110 dicit
1058 4045 1175 4112 multos

146 4279 212 4341 323)
232 4281 278 4331 cfr.
296 4280 413 4330 Ethicum
430 4297 488 4346 pag.
502 4280 561 4344 501,
580 4297 602 4330 v.
616 4277 658 4329 22.
678 4259 686 4264 ”
