2800 5088
778 481 821 548 82

249 657 411 739 videatur,
439 657 578 774 primum
608 663 743 740 apparet
770 663 836 720 tres
857 654 923 719 fere
946 652 1222 741 Cosmographiae
1243 677 1343 722 recen-

250 762 354 826 siones
383 767 449 826 ext1
440 759 541 838 'tisse3
572 757 688 824 deinde
715 757 794 825 illud
823 781 949 842 quoque
972 757 1308 842 demonstravimus,
1300 785 1341 826 ιιι-
1390 763 1391 880 l

251 863 369 949 spectis
391 863 498 947 paullo
521 862 703 927 accuratius
724 861 950 946 manuscriptis
971 859 1062 926 libris
1075 861 1172 926 facile
1191 866 1341 949 cognosci,

251 987 315 1050 qua
335 966 537 1052 potissimum
558 965 682 1030 ratione
704 967 897 1032 recentiores
920 962 1000 1028 duas
1024 985 1064 1028 ex
1085 964 1194 1048 priore
1217 966 1288 1032 edit'
1267 976 1342 1033 tione
1385 977 1391 1050 ᾗ

250 1076 338 1132 ortas
367 1089 437 1134 esse
466 1067 670 1134 statuendum
699 1069 749 1134 sit.
779 1066 891 1150 ¹(Quae
920 1068 948 1136 si
975 1074 1063 1132 recte
1092 1067 1241 1135 instituta
1267 1080 1341 1153 sunt,

249 1172 314 1241 iam
344 1173 486 1256 sequitur
514 1173 653 1258 priorem
679 1180 806 1238 tautum
829 1168 1102 1257 Cosmographiee
1124 1179 1250 1256 partem
1272 1197 1342 1258 opus

252 1297 321 1342 esse
334 1275 409 1342 Iulii
424 1275 571 1342 Oratoris
588 1297 681 1360 quem
697 1275 887 1343 Parisiensis
902 1274 975 1340 libri
990 1274 1202 1358 antiquissimi
1217 1278 1343 1340 auctori-

250 1386 350 1444 tatem
372 1379 560 1464 consequuti
584 1386 748 1444 auctorem
770 1379 867 1446 fuisse
886 1375 1161 1464 Cosmographiae
1184 1378 1341 1444 oredimus.

252 1481 358 1562 Quam
383 1488 490 1547 autem
512 1483 626 1549 tertiae
649 1481 796 1548 editionis
820 1481 947 1547 codices
976 1502 1049 1546 cum
1071 1480 1133 1546 hac
1156 1481 1342 1570 coniungunt

249 1585 443 1669 tripertitam
476 1585 562 1650 orbis
597 1585 860 1669 descriptionem,
898 1605 969 1651 eam
1003 1584 1071 1650 sive
1106 1584 1258 1669 scriptam
1285 1588 1343 1651 sive

251 1687 321 1754 aliis
348 1687 489 1753 fontibus
508 1687 732 1773 depromptam
753 1689 794 1754 ab
811 1686 928 1754 Oresio
948 1686 1188 1756 concedendum
1209 1689 1342 1768 ert²²⁰¹).

250 1789 366 1873 Neque
388 1791 503 1876 ,magis
535 1792 674 1876 pertinet
709 1790 750 1855 ad
784 1791 859 1856 Iulii
896 1791 1032 1855 Honorii
1067 1789 1343 1877 Cosmographiam

250 1893 407 1958 Antonini
436 1894 520 1958 sicut
547 1903 666 1960 vocant
686 1891 906 1973 Itinerarium3
936 1915 1095 1978 quaeres
1123 1893 1268 1978 quamvis
1295 1917 1344 1978 op·

250 1996 327 2060 time
361 2017 463 2081 nuper
498 1996 727 2064 demonstrata.⁴
747 1998 789 2062 sit
818 2021 837 2062 a
866 1996 1058 2064 doctissimis
1093 1996 1170 2062 viris
1205 1995 1343 2062 Gustavo

248 2098 393 2184 Parthey
417 2109 449 2164 et
470 2099 627 2164 Mauritio
648 2099 855 2183 Pinder²²¹),
884 2108 993 2166 tamen
1020 2099 1070 2164 his
1097 2100 1176 2184 ipsis
1200 2099 1344 2167 diebuia

251 2198 436 2267 Christiano
457 2201 612 2268 Petersen
624 2203 678 2283 ²²²)
704 2211 736 2267 et
751 2203 960 2270 D’Avezacio
972 2206 1028 2288 ²²³)
1053 2203 1135 2270 veris
1158 2203 1344 2290 argumentis

249 2304 344 2368 nullis
365 2300 524 2390 denegata
546 2311 604 2368 est.

338 2406 487 2490 Denique
517 2406 658 2473 auctoris
687 2385 802 2474 nomen
825 2409 852 2474 si
873 2409 1076 2494 respicimus,
1105 2409 1205 2474 exiis
1229 2432 1313 2494 quae
1332 2433 1345 2472 a

248 2511 341 2578 nobis
369 2534 466 2597 supra
495 2509 659 2596 disputate
686 2513 965 2600 suntmolligitur,
997 2512 1047 2585 ad
1068 2512 1161 2578 alium
1190 2514 1344 2578 nemiuem

319 2759 371 2810 220
381 2757 410 2819 a)
437 2761 508 2809 Idem
530 2768 654 2810 testentur
679 2761 861 2812 Gennadius
888 2766 915 2812 in
944 2765 1059 2828 catalogo
1082 2765 1193 2814 virorum
1217 2767 1345 2815 illustrium

249 2861 303 2909 cap.
328 2843 369 2895 39.
398 2842 459 2906 (cfr.
482 2847 632 2910 Hieronymi
653 2845 741 2910 Opera
768 2851 807 2897 ed.
836 2849 976 2900 vallarsius
1002 2851 1119 2912 1οιιι.Π,
1149 2867 1208 2914 pag.
1227 2847 1304 2912 968.)
1327 2861 1346 2898 er

247 2933 395 2982 Iordanis
418 2932 445 2982 in
466 2932 572 2982 historia
594 2933 736 2987 Gothorum
760 2949 815 2998 cap.
837 2935 858 2984 1.
883 2935 955 2986 initio
981 2932 1042 2996 (cfr.
1063 2937 1199 3000 Marcion,
1225 2938 1272 2988 SS.
1293 2939 1345 2988 Rer.

247 3021 327 3070 Italic.
363 3019 468 3078 tomi,
489 3033 546 3082 pag.
571 3015 659 3080 191.);
688 3021 755 3070 idem
777 3022 833 3070 libri
855 3020 929 3070 MSS.
959 3037 1046 3072 omnes
1069 3024 1112 3084 qui
1137 3023 1223 3074 Orosii
1247 3038 1389 3107 geogra·
1386 3010 1389 3035 ¹

246 3107 333 3168 phiam
355 3106 490 3168 separatim
513 3105 640 3154 exhibent.
685 3106 799 3168 Quorum
826 3109 956 3170 hucusque
983 3109 1057 3158 uobis
1082 3111 1193 3172 quinque
1215 3117 1344 3172 pernotue-

247 3197 316 3250 runt,
341 3191 448 3238 scilicet·
479 3187 504 3251 1)
530 3189 603 3240 Cod
626 3191 852 3244 Bibliothecae
875 3193 991 3243 D'Albi
1013 3193 1061 3243 29
1085 3195 1194 3244 chartae.
1226 3195 1271 3243 101.
1291 3195 1344 3243 mit.

247 3276 365 3325 foliorum
390 3275 448 3324 156.
485 3275 530 3324 cfr.
556 3277 695 3340 Catalogue
718 3279 819 3341 general
846 3281 891 3328 des
914 3277 988 3331 MSS.
1017 3281 1062 3330 des
1087 3279 1283 3343 Bibliorhtques
1306 3295 1345 3342 pu·

245 3363 343 3424 bliques
362 3363 405 3412 des
423 3362 618 3426 deartements
638 3371 685 3412 etc.
717 3365 811 3414 tom.I.
843 3366 922 3424 Paris,
937 3365 1012 3421 1819.
1044 3362 1087 3415 4⁰.
1111 3381 1169 3430 pag.
1183 3365 1245 3416 486.
1259 3381 1299 3428 sq.
1317 3393 1342 3403 -

245 3445 273 3508 2)
294 3448 368 3499 Ood.
386 3448 547 3511 Neapolit.
566 3449 766 3500 Borbonicus
785 3453 834 3513 IV,
852 3452 887 3501 D.
904 3451 951 3502 21.
970 3467 1036 3506 succ.
1054 3453 1124 3502 XIII.
1143 3453 1275 3504 mbranae.
1311 3452 1346 3500 lu·

245 3541 284 3580 esi
300 3540 401 3594 praeter
418 3535 479 3582 alia:
500 3533 556 3590 „De
574 3534 653 3584 tribus
671 3538 784 3598 partibus
802 3540 889 3588 mundi
909 3538 1022 3588 Orosius.
1053 3539 1164 3588 Maiores
1182 3537 1284 3589 nostri“
1304 3545 1345 3586 etc.
1388 3531 1389 3572 l

244 3617 288 3664 cfr.
303 3631 379 3677 supra
390 3632 448 3679 pag.
462 3616 502 3666 72.
516 3647 551 3656 -—
561 3613 588 3677 3)
600 3618 673 3670 Cod.
684 3623 783 3674 Vatic.
796 3625 933 3674 Palatin.
949 3623 1038 3674 1357.
1054 3640 1120 3674 saec.
1134 3625 1205 3674 ΧΠΙ.
1220 3626 1345 3673 mbranac.

242 3703 312 3751 Inest
330 3697 470 3750 f01·134¹=
500 3701 602 3759 „Orosii
625 3711 758 3772 prespiteri
780 3711 965 3773 provinciarum
988 3711 1131 3773 descriptio.
1168 3711 1284 3760 Maiores
1307 3722 1345 3756 no·
1388 3689 1389 3754 l

242 3786 304 3838 stri“
324 3793 370 3838 etc.
390 3787 434 3836 cfr.
455 3803 531 3851 supra
547 3805 604 3854 pag.
619 3791 660 3843 38.
679 3826 714 3834 -
732 3791 760 3855 1)
781 3795 854 3846 Cod.
875 3796 1146 3846 Vratislariensis
1169 3791 1345 3857 Rehdigeri
1388 3779 1389 3792 ¹

242 3891 308 3926 saec.
321 3874 378 3925 XV.
398 3875 506 3924 chartac.
544 3877 588 3925 cfr.
607 3879 728 3929 Petersen
745 3880 762 3928 l.
776 3895 797 3928 c.
816 3895 874 3943 pag.
891 3879 947 3930 173.
970 3911 1005 3920 -
1028 3877 1055 3941 5)
1077 3879 1150 3930 Cod.
1169 3879 1345 3930 Vaticanus
1388 3871 1389 3874 ¹

245 3962 333 4013 1889.
353 3977 418 4013 saec.
432 3961 501 4011 XIV.
537 3963 607 4013 Inest
624 3973 724 4029 praeter
742 3965 803 4014 alia:
824 3965 916 4022 „Ratio
934 3967 1011 4016 totius
1030 3966 1098 4016 orbis
1117 3975 1143 4018 01
1160 3967 1346 4030 provinciarum

241 4048 272 4095 ab
292 4048 384 4100 OmsIo
401 4049 549 4113 presbytero
568 4050 717 4115 descripta“.
754 4049 799 4100 cfr.
819 4065 896 4114 supra
912 4066 970 4115 pag.
984 4050 1026 4102 59.

309 4131 376 4193 221)
396 4131 481 4184 itiner.
500 4133 596 4183 Anton.
615 4150 673 4198 pag.
686 4135 718 4204 V.
738 4133 781 4183 VI.
800 4133 972 4196 praefationis.

309 4213 377 4276 222)
396 4219 412 4266 l.
426 4235 447 4267 c.
466 4235 524 4282 pag.
538 4219 697 4269 382-390.

306 4297 374 4361 223)
393 4302 409 4350 l.
423 4319 444 4352 0.
463 4318 520 4365 pag.
535 4302 693 4354 395-198.
