2784 5106
614 519 653 586 19

70 691 216 778 operis
243 691 384 756 adiectis.
432 687 530 772 Quod
559 699 666 758 autem
695 695 729 756 in
757 691 868 760 codice
889 693 1062 764 Pcrisieusi
1084 697 1181 767 4808.
1212 676 1214 687 Ι

72 795 148 860 sive
170 816 225 876 eo,
255 816 294 860 ex
323 815 386 879 quo
410 791 621 860 Gronoviena
642 793 717 860 Iulii
739 791 887 862 Oratoris
909 794 1183 887 cosmographiae

73 905 151 966 orte
172 906 221 964 est
243 898 354 981 editio,
376 899 480 985 prima
501 897 557 964 ille
579 897 776 983 excerptoris
798 897 897 966 verba
919 900 1016 966 scilic.
1041 902 1183 985 ,Excer-

69 1011 133 1088 ptu
156 1003 225 1070 eius
247 1000 412 1088 Sphaeree
528 1001 770 1088 excerpendam
792 1023 863 1068 esse
886 1001 1112 1088 credidimus“,
1133 991 1182 1074 re·

71 1116 129 1173 cto
153 1115 250 1192 utque
272 1129 349 1172 vero
372 1105 484 1172 ordine
505 1105 663 1193 neglecto,
684 1106 718 1172 in
741 1105 847 1190 capite
868 1105 943 1174 libri
962 1108 1121 1176 collocate
1135 1111 1183 1176 in·

69 1210 263 1290 veniuntur,
292 1208 355 1274 hoc
383 1210 417 1274 ni
438 1209 531 1274 fallor
557 1231 628 1274 eum
650 1209 693 1274 ob
715 1231 845 1276 curuum
868 1233 888 1276 a
908 1210 1039 1278 librario
1060 1213 1183 1278 fectum

71 1321 142 1394 est,
170 1312 247 1396 quie
273 1311 397 1376 ratione
425 1310 499 1376 libri
524 1310 611 1376 haud
634 1319 805 1396 perspecta
830 1315 1030 1396 prooemium
1051 1316 1105 1381 ille
1127 1315 1182 1382 de·
1232 1363 1240 1382 .

70 1413 247 1480 siderubat.

164 1515 293 1584 Deinde
316 1539 392 1583 vero
414 1516 538 1602 reliqua
560 1517 757 1602 excerptoris
779 1517 887 1601 verba,
914 1519 1037 1584 scilicet
1059 1517 1125 1602 „m
1146 1529 1183 1586 ut

70 1619 157 1688 haec
184 1621 268 1686 ratio
296 1620 339 1686 ed
368 1619 558 1706 compendia
585 1621 649 1688 iste
677 1619 818 1686 deducte
844 1621 877 1686 iu
897 1622 1020 1688 nullum
1042 1643 1187 1688 errorem·

69 1723 171 1790 cudat
193 1731 254 1788 cet.
363 1731 517 1808 quatuor,
539 1725 715 1791 utiterum
738 1723 861 1808 dicem,
884 1747 1074 1792 oceanorum
1096 1726 1180 1794 ratio

69 1851 139 1892 non
166 1826 483 1913 praetermittenda“,
510 1851 552 1893 ne
581 1829 648 1894 sine
676 1828 756 1912 ullo
771 1849 866 1894 sensu
894 1848 964 1894 esse
986 1827 1181 1912 riderentur,

69 1932 107 1996 in
129 1929 193 1995 fine
215 1928 289 1994 libri
311 1929 498 1996 collocanda
522 1939 622 1996 erent
668 1929 745 2012 Qun
766 1931 799 1996 iu
822 1955 856 1996 re
878 1931 1026 1998 librarius
1052 1931 1107 1996 ille
1134 1932 1180 1996 sic

66 2040 219 2099 versatus
240 2039 301 2114 est,
326 2040 364 2098 ut
385 2033 482 2098 etiem
504 2033 604 2100 verbe
627 2033 734 2116 „Sunt
755 2035 839 2100 enim
862 2056 921 2120 per
942 2033 1053 2100 orbem
1075 2042 1179 2100 totum

67 2145 176 2202 terroe
202 2156 312 2201 cosmo
334 2133 610 2224 Oosmcgruphiae
633 2144 693 2202 cet.
799 2146 916 2224 'gentes
937 2133 1038 2219 XC“‚
1069 2159 1180 2221 quam-

68 2263 169 2325 quem
191 2247 329 2324 quatuor
350 2261 542 2306 oceanorum
565 2239 756 2326 compendia
784 2240 978 2330 praecedere
1009 2239 1179 2324 debebant,

67 2344 141 2410 sive
160 2365 265 2410 errore
288 2341 428 2426 quodam
450 2344 517 2409 sive
538 2365 597 2431 per
619 2343 782 2410 levitatem
805 2345 913 2427 enimi,
935 2366 1001 2410 una
1015 2365 1089 2410 cum
1104 2367 1179 2429 pro·

66 2447 157 2514 xime
186 2445 449 2512 antecedentibus
477 2468 497 2508 a
524 2445 660 2526 pristino
692 2467 751 2508 suo
777 2446 851 2508 loco
879 2455 1052 2510 amoveret.
1104 2446 1178 2512 Hoc

68 2551 173 2635 igitur
197 2548 322 2612 ratione
344 2545 573 2610 sententiarum
595 2565 697 2608 nexus
719 2543 766 2606 ite
786 2543 935 2610 turbatus
957 2551 1017 2626 est,
1046 2547 1179 2629 utquid

69 2658 188 2718 auctor
210 2649 317 2716 dicere
339 2646 476 2714 voluerit
496 2645 585 2714 houd
604 2645 699 2712 facile
719 2643 880 2733 intelliges
896 2649 960 2731 ¹1⁶).
1199 2653 1206 2666 '

149 2752 277 2839 ·Neque
299 2774 376 2818 vero
397 2751 505 2818 locum
526 2751 617 2816 illum
636 2749 786 2816 librarius
802 2749 969 2834 intellexit,
992 2752 1047 2837 qui
1066 2772 1178 2818 secun-

69 2859 148 2924 dem
169 2857 387 2924 recensionem
410 2854 520 2920 edidit.
566 2853 654 2936 Quia
676 2854 760 2919 enim
782 2852 880 2918 verbu
904 2854 1089 2940 „Excerpta
1111 2856 1179 2920 eius

69 2961 236 3049 Sphnerae
358 2958 591 3045 excerpendam
614 2979 684 3024 esse
707 2953 920 3022 credidimus“
944 2957 978 3019 in
1000 2957 1092 3020 initio
1114 2955 1178 3023 (lo-

69 3063 297 3154 smographiae
318 3063 434 3150 posito,
458 3064 542 3127 sicut
564 3062 685 3148 optime
706 3058 880 3147 perspexit,
904 3058 1009 3122 minus
1032 3065 1110 3144 apte
1131 3060 1179 3122 vi·

69 3169 230 3236 debentur
253 3205 294 3215 -
317 3189 392 3230 nam
416 3186 497 3248 quae
519 3172 710 3252 sequuntur,
733 3185 798 3228 non
820 3161 985 3248 Excerpta
1006 3170 1098 3245 sunt,
1121 3161 1179 3226 sed

67 3271 148 3338 Iub'i
162 3268 310 3334 Oratoris
326 3265 580 3355 Oosmogrephie
601 3270 728 3356 integra
751 3305 792 3314 -
815 3265 843 3332 is
861 3263 990 3350 quidem
1004 3289 1063 3352 pro
1079 3263 1178 3332 verbo

71 3368 423 3459 „excerpendam“
448 3372 575 3457 scripsit
598 3368 943 3459 „exponendam“,
965 3367 1178 3452 quodomnes

68 3478 168 3543 huius
181 3473 377 3540 recensionis
392 3471 466 3537 libri
479 3478 686 3562 manuscripti
701 3474 862 3542 exhibent.
894 3472 989 3555 Quae
1010 3493 1062 3537 res
1078 3491 1177 3555 quun·

69 3591 141 3646 tum
164 3577 342 3646 subsidium
365 3576 542 3642 sententiae
556 3586 683 3642 nostrae
698 3579 860 3664 praebeat,
883 3577 1043 3642 neminem
1057 3583 1094 3641 ut
1109 3599 1178 3642 ore·

72 3683 178 3748 dimus
202 3682 341 3770 effirgiet
383 3679 510 3748 Revera
533 3678 617 3744 enim
633 3680 738 3764 ipsum
751 3681 825 3746 Iulii
839 3681 978 3748 Honorii
999 3703 1081 3766 opus
1104 3688 1177 3745 ante

145 3895 212 3960 116)
236 3898 321 3961 Quare
338 3900 407 3950 hund
424 3901 516 3950 mirum
534 3898 632 3948 videtur
649 3896 826 3946 d'Avczucium
848 3898 880 3948 de
902 3898 952 3948 hoe
974 3897 1032 3946 loco
1056 3896 1092 3944 ite
1113 3894 1176 3944 iudi-

71 4000 144 4037 csrse
161 4001 187 4051 p.
201 3984 260 4037 ³14.
279 3994 332 4038 not.
345 3986 384 4040 2.=
410 3985 470 4046 „On
487 3986 541 4037 voit
557 3999 589 4034 en
607 3983 717 4047 premier
739 3996 805 4046 eoup
827 3983 902 4034 d'oeil
924 3981 1041 4031 combien
1059 3985 1124 4030 cette
1141 3980 1176 4032 le·

73 4087 122 4136 pon
141 4077 180 4122 ert
195 4073 337 4136 preferable
356 4088 393 4122 eu
411 4071 590 4136 gulimcties
609 4071 649 4120 clu
666 4069 839 4120 manuscrit
856 4065 953 4127 1808,
976 4064 1120 4116 fldelemeru
1137 4082 1175 4118 re·

72 4159 175 4222 produit
191 4175 237 4222 per
256 4158 359 4211 Gronov
374 4171 400 4222 p.
414 4155 479 4208 6⁰1:
503 4155 628 4220 „Propter
643 4155 743 4218 sliquos
765 4153 893 4206 mirector
915 4166 948 4206 rte
965 4152 1093 4206 intellectu
1111 4153 1176 4206 ferte

73 4243 180 4307 legentis
197 4245 337 4307 perturbet,
362 4253 388 4294 et
410 4244 470 4296 vitio
492 4243 566 4294 nobis
589 4241 737 4294 echrostieis
755 4247 835 4302 esset,
858 4240 899 4292 hic
916 4239 1102 4304 excerpendem
1119 4252 1176 4292 erre

74 4325 250 4380 credidimns“.

930 4405 976 4474 2.
