2800 5088
192 678 414 765 mographiam
442 678 551 743 Ethici
580 686 636 742 aut
662 675 824 758 viderant,
854 683 910 741 aut
939 683 1026 740 certe
1054 682 1202 741 naturam
1229 675 1294 742 eius

191 780 264 846 libri
291 782 418 866 penitus
444 788 688 865 perspexerant,
725 779 786 845 hoc
812 780 884 844 loco
918 777 1016 843 verba
1049 777 1121 863 ipsa
1152 799 1294 844 recense-

192 885 305 950 bimus.

284 1092 312 1156 1.
347 1088 458 1154 Ethici
472 1087 761 1176 Cosmographiam
781 1088 923 1154 omnium
938 1109 1019 1171 quos
1034 1087 1181 1154 novimus
1196 1091 1296 1178 scrip·

194 1203 300 1258 torum
329 1193 423 1278 longe
451 1193 572 1278 primus
602 1191 746 1257 laudavit
782 1190 954 1259 Sanctus
985 1188 1170 1257 Isidorus
1199 1192 1296 1260 His-

193 1297 374 1383 palensis
402 1296 622 1383 episcopus
647 1297 688 1379 (†
711 1295 816 1375 635.).
863 1292 930 1375 Qui
953 1316 1050 1377 quum
1071 1296 1106 1357 in
1127 1293 1297 1383 Etymolo·
1336 1383 1338 1390 Ι

193 1401 319 1487 giarum
340 1399 429 1465 libris
450 1399 696 1464 innumerabiles
713 1421 815 1484 paene
828 1397 917 1491 locos
932 1398 999 1464 sine
1014 1398 1141 1462 nomine
1156 1401 1298 1466 auctoris

194 1527 235 1568 ex
256 1503 375 1568 Ethico
398 1503 576 1588 exscripsit,
599 1511 668 1569 tum
682 1501 838 1566 Ethicum
859 1501 964 1587 ipsum
986 1500 1036 1566 bis
1058 1502 1212 1586 nominat,
1236 1505 1298 1570 sci·

193 1606 270 1670 licet
298 1606 331 1669 in
359 1605 638 1694 Etymologiarum
666 1605 748 1671 libro
777 1602 875 1687 XIV,
912 1626 982 1690 cap.
1006 1602 1066 1669 VI.
1097 1608 1128 1691 ᾗ.
1156 1607 1197 1676 29
1214 1608 1297 1689 ²²⁵):

196 1707 428 1792 „Histermt
456 1708 576 1794 dicit,
606 1731 646 1776 ex
667 1707 783 1775 Iasone
812 1715 923 1774 natum
952 1707 1300 1793 brissePhilomelum,

195 1822 227 1876 et
248 1810 392 1876 Plutum:
428 1834 468 1877 ex
489 1811 668 1879 Philomelo
690 1813 886 1878 Pareantum
908 1813 1066 1900 genitum:
1096 1813 1213 1898 quide
1238 1836 1299 1880 suc

193 1915 322 1980 nomine
348 1915 456 1982 Paron
483 1917 619 1982 insulam
649 1925 681 1982 et
714 1916 869 2004 oppidum
898 1917 1096 2003 appellavit“
1127 1925 1187 1981 etc.
1241 1919 1300 1984 cfr.

193 2019 348 2086 Ethicum
370 2041 441 2106 cap.
453 2019 513 2086 VL
531 2023 561 2106 §.
576 2020 623 2104 Π,
639 2021 669 2090 8.
685 2044 760 2108 pag.
781 2020 856 2090 528:
879 2019 963 2085 edid.
980 2019 1184 2086 D’Avezac.:
1210 2019 1303 2103 „Na-

194 2145 254 2190 xos
276 2132 309 2188 et
330 2123 437 2190 Melos
465 2131 498 2190 et
519 2124 609 2208 ipsae
634 2125 756 2190 insulae
779 2121 976 2211 Cycladum,
1004 2126 1168 2211 insulaque
1191 2125 1303 2192 Melos

194 2225 423 2292 rotundissima
444 2226 525 2292 adeo
547 2236 584 2294 ut
609 2236 643 2294 et
663 2227 788 2310 fertilis,
810 2228 866 2294 ubi
886 2227 984 2296 Iason
1007 2238 1039 2294 et
1053 2229 1224 2296 Plutonem
1250 2229 1306 2296 uel

194 2329 354 2396 Paronem
376 2338 409 2396 et
430 2330 585 2399 Pharium
607 2333 711 2400 editos
733 2333 933 2400 adfirmans.

283 2432 412 2502 Deinde
439 2434 472 2500 in
498 2434 686 2525 Etym'olog.
714 2437 796 2504 libro
825 2437 931 2520 XIX,
965 2459 1035 2524 cap.
1056 2435 1083 2500 I.
1113 2437 1142 2520 ἓ.
1164 2434 1218 2502 21.
1243 2439 1306 2516 ²²⁷)

197 2535 397 2624 „Myoparc‚
425 2541 517 2625 quasi
544 2543 695 2610 minimus
721 2565 810 2629 paro.
856 2542 918 2610 Est
940 2542 1025 2608 enim
1046 2537 1166 2625 scapha
1186 2560 1231 2604 ex
1258 2540 1308 2604 vi-

195 2641 283 2708 mine
301 2641 406 2725 iacta,
433 2666 515 2728 quae
537 2654 687 2712 contecta
709 2647 809 2712 crudo
832 2645 919 2712 corio
941 2665 1042 2730 genus
1064 2641 1186 2729 navigii
1206 2665 1310 2727 prae-

195 2745 261 2828 bet,
283 2745 429 2829 qualibus
450 2756 584 2816 utuntur
607 2747 842 2816 Germanorum
863 2747 987 2832 piratae
1008 2746 1042 2811 in
1064 2745 1177 2810 oceani
1198 2745 1309 2812 litori·

196 2848 273 2933 bus,
302 2850 354 2916 vel
374 2850 561 2936 paludibus,
591 2852 632 2918 ob
657 2854 842 2941 agilitatem.
888 2849 947 2914 De
970 2847 1115 2932 quibus
1137 2847 1308 2916 Hister:

195 2975 291 3040 gens,
312 2954 432 3038 inquit,
455 2953 620 3028 Saxonum
641 2951 890 3044 myoparonibus
911 2973 976 3016 non
998 2952 1119 3018 viribus
1140 2953 1308 3035 nituntur,

195 3057 291 3144 bigae
313 3059 421 3144 potius
445 3081 542 3145 quam
569 3060 653 3128 bello
682 3058 819 3146 parati“.
865 3056 922 3122 cfr.
947 3054 1101 3124 Ethicum
1130 3079 1205 3145 pag.
1224 3058 1310 3140 488,

267 3329 336 3395 225)
354 3333 445 3389 Isidori
464 3338 550 3404 Opera
568 3339 606 3387 ed.
625 3336 727 3385 Arcvsli
745 3344 805 3386 tom.
818 3335 864 3398 IV,
882 3353 940 3401 pag.
955 3334 1013 3386 178.

267 3433 335 3496 226)
356 3437 476 3502 Codices:
501 3431 696 3498 „Historia“,
722 3438 765 3486 sed
788 3439 924 3502 legendum
942 3453 998 3489 esse
1023 3435 1172 3496 „Hister“
1192 3440 1253 3489 iam
1274 3443 1314 3489 M.

198 3518 272 3582 Opitz
290 3523 357 3572 vidit
378 3539 436 3588 pag.
453 3523 496 3574 26.
519 3523 576 3573 libri
599 3524 639 3572 sui
663 3522 771 3582 „Incerti
793 3527 885 3589 potitae
907 3526 1029 3575 teutonici
1049 3525 1191 3590 Rhythmus
1218 3527 1257 3576 dc
1285 3527 1313 3578 S.

196 3606 308 3656 Annona
321 3607 412 3660 Coton.
422 3611 632 3674 Arctriepiscopo,
651 3618 709 3662 ante
722 3610 774 3664 500
786 3627 867 3664 annos
885 3609 1068 3674 conscriptus“.
1090 3611 1208 3661 Dantisci
1225 3611 1316 3664 1639.

197 3688 239 3743 8⁰.
276 3693 399 3745 Arevslns
417 3699 444 3746 in
462 3698 666 3749 adnotationibus
684 3701 717 3749 ad
735 3701 820 3750 locum
837 3699 928 3748 Isidori
946 3697 1043 3746 scribit:
1066 3698 1204 3758 „Historia
1227 3715 1318 3762 quam

197 3782 246 3832 hoc
264 3783 321 3834 laco
338 3783 451 3832 Isidorus
469 3783 581 3848 allegat,
597 3801 722 3850 quaenam
744 3787 833 3848 firerit,
855 3800 908 3836 nou
925 3783 1051 3835 invenio“.
1087 3785 1118 3832 In
1133 3783 1210 3834 MSS.
1235 3788 1319 3838 libris

198 3870 299 3934 saepius
318 3867 463 3929 „Historis“
481 3870 555 3936 lapsu
578 3873 669 3924 calami
687 3889 735 3937 pro
754 3870 872 3932 „Hister“
891 3878 935 3922 aut
954 3868 1081 3930 „Histria‘
1101 3871 1236 3933 scribitur,
1266 3875 1318 3924 cfr.

199 3955 317 4010 Ethicum
338 3974 397 4022 pag.
414 3956 479 4021 491,
502 3956 527 4008 2.
550 3959 594 4012 ubi
618 3962 674 4012 cod.
696 3960 779 4022 Lugd.
796 3959 907 4009 Batavus
925 3957 1043 4008 Vossian.
1061 3957 1132 4006 latin.
1153 3958 1180 4006 in
1199 3957 1253 4008 fol.
1271 3959 1320 4012 29.

200 4055 265 4090 saec.
278 4046 310 4094 X.
330 4046 375 4096 iol.
389 4044 430 4096 33.
449 4054 518 4096 recto
537 4063 560 4096 a.
579 4048 663 4098 tinem.
682 4046 770 4096 habet:
790 4052 835 4102 „ut
845 4044 985 4094 Eunomius
1004 4050 1030 4093 ct
1044 4043 1231 4094 Priscillianus.
1256 4063 1322 4098 cur-

198 4127 297 4190 simque
318 4133 401 4183 vicine
421 4135 527 4184 finitima
544 4134 618 4186 huius
636 4133 754 4196 regionis.
792 4131 937 4180 Historia
954 4132 1054 4184 induxit
1072 4133 1191 4184 scismata
1208 4131 1323 4186 hereti·

199 4211 302 4262 corum“
317 4223 364 4266 etc.
388 4220 489 4283 Reliqui
507 4221 607 4270 codices
626 4226 693 4270 recte
711 4218 806 4268 habeut
824 4217 997 4276 „Histria“.

269 4313 338 4396 227)
359 4317 444 4381 Opera
462 4322 501 4370 od.
514 4321 616 4370 Arersli
634 4329 694 4372 tom.
707 4320 753 4378 IV,
771 4317 900 4382 pacti&
