2780 5092
577 413 637 478 151

59 588 163 674 legere
185 588 237 652 vel
259 587 401 656 deserere
425 586 525 651 nodos
553 593 679 671 possem
710 583 864 650 hebraeos
880 584 1090 664 ‚characteres
1109 612 1159 654 re-

57 691 242 774 supinatos,
270 711 401 777 graecos
426 690 627 772 incurvatos,
650 687 767 752 latinos
790 687 970 774 dupliqatos
992 689 1025 754 in
1048 692 1157 756 simili-

56 793 201 858 tudinem
225 793 317 876 circi,
345 815 479 876 suosque
507 793 617 879 apices
638 793 672 856 in
695 788 834 856 medium
856 791 996 876 positos,
1024 793 1157 859 metrico

55 918 142 960 more
165 896 371 981 compositos,
387 918 451 964 sua
472 894 718 962 laude.sibimet
739 893 826 960 solus
847 893 989 960 soiebat“
1007 903 1067 963 ete.
1101 896 1157 980 Ip-

55 1019 106 1064 sas
130 1007 238 1066 autem
260 999 437 1064 litterarum
459 999 578 1063 formas
600 997 718 1084 integri
733 993 1008 1085 Cosmographiae
1031 997 1158 1064 codices

55 1124 164 1168 ornnes
187 1101 425 1184 exhibentes,
448 1100 488 1165 de
511 1101 625 1185 quibus
647 1099 789 1166 tabulam
810 1100 962 1186 inspicias
985 1123 1080 1186 quam
1103 1125 1158 1170 ex-

53 1213 176 1270 tremae
199 1205 285 1290 parti
307 1203 412 1286 operis
435 1202 616 1268 adiecimus.
1065 1274 1068 1278 ,
1114 1193 1117 1202 ’

144 1306 217 1371 Iam
239 1327 315 1374 vero
338 1303 551 1388 quaerendum
573 1305 664 1372 nobis
687 1312 745 1389 est,
767 1305 845 1391 quid
866 1304 1005 1372 inhisee
1021 1308 1156 1380 elemen-

51 1409 95 1474 tis
119 1409 222 1472 lateat
244 1407 331 1492 apud
350 1406 518 1488 Ethioum:
548 1415 653 1472 utrum
680 1429 782 1496 nugas
804 1431 842 1474 ea
864 1430 933 1473 esse
956 1431 1155 1493 censeamus,

54 1533 94 1576 an
117 1531 249 1576 sensum
271 1510 410 1594 aliquem
431 1511 535 1586 inesse
556 1509 618 1576 illis
641 1511 854 1580 confitendum
877 1511 938 1577 sit?
970 1511 1046 1594 Qua
1067 1513 1100 1578 in
1123 1535 1157 1577 re
1176 1543 1177 1546 ¹

54 1635 176 1694 vereor,
199 1634 240 1679 ne
253 1611 444 1696 Hieronymi
466 1613 572 1684 verbis
595 1617 747 1705 commoti
758 1618 814 1688 ⁸⁴⁷)
837 1615 961 1683 litteras
975 1615 1087 1680 Ethioi
1109 1615 1158 1680 ni-

53 1715 101 1779 hil
122 1714 222 1778 tuisse
242 1709 333 1778 multi
353 1715 620 1800 persuadeantur,
645 1719 708 1784 nisi
730 1718 882 1786 obscuras
904 1725 1085 1784 tantum'et
1108 1739 1157 1782 se·

54 1823 164 1882 cretas
184 1821 292 1896 notas;
313 1817 503 1901 praesertim
520 1839 618 1900 quum
632 1818 666 1880 in
681 1819 815 1882 eandem
830 1821 1009 1903 opinionem
1025 1820 1158 1884 D'Ave-

53 1918 165 1984 zaoius
185 1935 286 2003 nuper
308 1918 438 2002 abierit,
462 1918 516 2002 qui
540 1917 709 2004 apices—ne
730 1917 834 1982 obiter
854 1918 982 2001 quidem
1004 1921 1156 2002 perstrin7

54 2023 112 2086 xit.
149 2019 216 2088 Sed
237 2021 265 2086 is
287 2021 320 2086 in
343 2021 413 2106 aliis
436 2043 562 2106 quoque
585 2028 654 2084 toto
671 2019 761 2087 coelo
777 2020 952 2100 aberravit3
976 2041 1034 2084 nos
1049 2019 1158 2106 igitur,

55 2125 130 2208 quia
153 2122 193 2188 de
216 2123 379 2190 elementis
395 2122 507 2190 Ethioi
528 2123 623 2210 longe
646 2122 741 2197 aliam
763 2123 924 2190 notionem
947 2122 1157 2210 suscepimus,

55 2227 261 2314 sequentibus
281 2228 408 2315 paginis
431 2227 620 2314 sententiam
642 2235 784 2292 nostram
805 2227 917 2316 paucis
937 2225 1158 2315 exponendam

56 2353 124 2398 esse
145 2339 314 2418 putamus:
338 2330 461 2395 scilieet
482 2337 519 2394 ut
537 2351 624 2393 novo
650 2328 789 2412 quodam
812 2340 999 2418 argumento
1015 2328 1158 2408 Cosmo·

55 2434 223 2521 graphiam
252 2429 363 2498 Ethici
392 2455 412 2496 a
441 2429 476 2498 S.
503 2427 702 2513 Hieronymo
731 2429 918 2496 translatam
945 2432 1042 2497 fuisse
1072 2455 1158 2496 eom-

55 2536 236 2622 probemus.

458 2811 460 2819 Α
562 2758 647 2842 er.

279 2905 438 2958 n'rfflcvu
455 2901 610 2955 NATIONE
628 2901 796 2953 SOLAVVM
814 2903 939 2954 rvlssn.
961 2953 964 2958 .

147 3040 201 3102 De
222 3035 327 3120 patria
348 3035 458 3100 Ethioi
481 3043 513 3100 et
535 3034 656 3123 origine
679 3031 746 3100 eius
768 3034 991 3117 quaerentibus
1012 3033 1105 3100 nobis
1120 3057 1159 3100 ex

56 3137 221 3207 nonnullis
243 3133 514 3222 Cosmographiae
535 3139 615 3206 loois
636 3139 692 3204 lux
714 3129 908 3222 suppeditat.
946 3137 1061 3224 Neque
1083 3160 1159 3202 vero

57 3245 99 3312 ab
124 3243 299 3326 interprete
320 3239 421 3304 solum
436 3239 632 3330 Hieronymo
654 3239 693 3306 de
708 3228 879 3328 gentilibus
894 3239 1076 3326 philosophi
1092 3261 1160 3305 oer-

58 3350 159 3414 tiores
181 3340 354 3427 reddimur,
376 3367 486 3410 verum
508 3347 604 3414 etiam
619 3343 756 3410 Ethions
778 3342 847 3431 ipse
868 3343 903 3410 in
917 3343 1041 3408 Histria
1057 3362 1090 3406 se
1109 3363 1160 3404 or-

59 3460 130 3516 tum
151 3447 250 3512 fuisse
272 3433 391 3512 scribit.
429 3449 585 3536 Legimus
607 3448 691 3513 enim
712 3448 733 3512 l.
751 3469 779 3512 o.
801 3469 875 3536 pag.
891 3448 968 3528 455,
992 3447 1029 3514 2:
1056 3441 1159 3528 „Hie

60 3554 191 3640 igitur
206 3548 380 3617 Ethieus
401 3549 560 3616 Histria
581 3551 744 3634 regione
767 3549 952 3637 sophista
975 3547 1159 3614 elaruit“.

60 3655 141 3741 Pag.
154 3651 231 3735 468,
243 3677 273 3716 v.
290 3655 322 3719 1:
349 3675 484 3737 „quum
506 3651 578 3714 ille
593 3650 754 3714 Histria
776 3675 815 3719 se
839 3660 1018 3718 exortum
1036 3650 1161 3715 fuisse

62 3756 245 3822 seribat“
271 3762 331 3818 eto.
369 3754 449 3840 Pag.
468 3753 543 3833 532,
566 3774 597 3814 v.
615 3755 651 3817 5:
683 3751 796 3837 „Stylo
820 3756 927 3842 posuit
950 3752 1162 3838 Cephalenias

62 3914 264 3926 —-..-—-—

134 4001 202 4066 ato)
221 4005 289 4068 apud
306 4003 494 4053 D'Avenaoium
511 4001 629 4065 leguntur
646 4016 703 4066 pag.
717 3998 776 4049 541.

133 4104 201 4168 347)
221 4107 265 4158 cfr.
285 4109 357 4158 locos
374 4108 452 4158 modo
470 4106 585 4156 laudatos
609 4112 634 4157 et
658 4118 722 4166 quae
741 4102 857 4166 proxime
876 4106 1015 4162 sequuntur
1033 4099 1164 4152 translato-

65 4197 99 4244 ris
117 4195 200 4246 verba.
