2800 5088
752 491 816 558 1021

319 665 434 732 Codex
463 673 650 751 compactus
679 675 728 731 est
757 687 797 730 ex
828 665 878 732 13.
908 651 1184 748 quaternionibus,
1218 665 1320 750 quiin

231 770 375 856 margine
402 769 541 856 paginae
569 769 701 834 ultimae
727 768 867 834 numeris
894 767 930 851 I,
959 768 1011 852 II,
1040 769 1110 851 III,
1133 776 1194 833 etc.
1219 771 1323 856 signati

231 879 321 952 sunt3
356 870 406 937 his
435 871 569 938 adiecta
592 880 666 938 sunt
693 872 770 937 folia
797 880 957 957 quattuor.
1010 870 1187 953 Quaternio
1213 873 1323 958 primus

232 982 355 1060 septem
377 984 502 1042 tantum
523 974 601 1042 folia
622 974 734 1056 habet3
764 975 832 1040 folii
854 975 907 1044 80.
931 973 1065 1039 dimidia
1083 995 1162 1060 pars
1183 974 1326 1040 desecata
1388 957 1394 969 Δ

232 1085 297 1159 est,
325 1100 428 1162 neque
456 1087 564 1144 tamen
589 1079 655 1143 ulla
677 1076 950 1166 cosmographiae
972 1078 1080 1142 littera
1102 1077 1163 1142 hoc
1184 1079 1255 1142 loco
1275 1101 1328 1142 ex·

232 1178 320 1244 cidit.
365 1181 447 1246 Post
466 1182 563 1247 finem
581 1178 650 1250 13¹ni
669 1182 887 1266 quaternionis
908 1189 942 1245 et
963 1171 1106 1244 extrema
1129 1180 1196 1244 eiua
1218 1180 1325 1245 verba:

232 1282 323 1366 „Illic
334 1282 461 1350 Galilea
481 1285 571 1372 regio
586 1284 734 1350 Iordanis
751 1284 916 1352 Samariae
938 1283 1028 1347 urbis
1042 1282 1148 1346 vicina
1162 1281 1328 1346 confinium

230 1395 263 1450 et
284 1386 380 1452 ianua
401 1388 573 1475 regionis“,
595 1411 635 1453 ea
657 1409 738 1471 quae
759 1389 792 1451 in
815 1385 945 1470 reliquis
965 1384 1129 1450 codicibus
1144 1393 1327 1469 sequuntur:
1393 1447 1394 1454 ,

232 1490 377 1575 „opima,
407 1499 439 1553 et
467 1489 609 1573 spatiosa
715 1488 892 1574 Ocnophea
919 1487 1022 1552 insula
1050 1488 1163 1552 oceani
1191 1510 1269 1572 quae
1292 1512 1328 1554 ex
1393 1457 1394 1506 i

229 1600 321 1676 parte
344 1591 491 1677 Egypto,
520 1613 560 1655 ex
581 1600 674 1678 parte
696 1591 794 1656 Libia
815 1590 976 1674 subiacet,
1003 1590 1150 1656 omnibus
1173 1591 1262 1657 bonis
1283 1593 1329 1656 iu·
1393 1571 1394 1652 i

230 1692 344 1757 cunda.
405 1693 531 1780 Aurum
566 1695 723 1781 optimum
748 1701 785 1784 ,et
811 1693 944 1758 uniones
972 1692 1096 1778 lapides
1124 1693 1268 1781 gignit“,
1297 1696 1332 1759 in
1393 1664 1394 1710 t

230 1795 342 1860 codice
370 1794 532 1884 Lipsiensi
559 1795 678 1862 omissa
705 1804 795 1876 sunt3
822 1797 925 1882 igitur
951 1795 1062 1860 folium
1090 1819 1189 1862 unum
1216 1804 1270 1861 aut
1292 1820 1330 1862 ex

170 1915 175 1926 '
230 1905 340 1963 nostro
363 1905 419 1962 aut
440 1919 481 1961 ex
504 1897 680 1985 archetypo
703 1898 771 1964 eius
793 1897 924 1964 excidit.

317 2001 472 2088 Singulae
493 2001 631 2088 paginae
655 2003 706 2070 19.
730 2024 842 2067 versus
864 2002 1045 2085 continent,
1067 2024 1210 2087 quorum
1231 2003 1333 2069 lineae

229 2105 303 2170 stilo
326 2103 443 2168 ductae
465 2111 549 2167 sunt.
588 2102 702 2170 Codex
722 2127 786 2168 una
809 2103 938 2189 quidem
960 2128 1057 2170 manu
1077 2106 1194 2171 litteris
1213 2107 1335 2171 minus·

230 2208 310 2271 culis
335 2205 527 2271 nitidissime
554 2216 703 2272 exaratus
732 2215 797 2290 est,
827 2206 884 2272 sed
907 2229 927 2272 a
948 2209 1119 2282 recentiori
1140 2231 1238 2277 manu
1257 2231 1332 2274 sae·

228 2309 301 2394 pius
324 2309 386 2374 alio
409 2295 593 2374 atramento
610 2310 824 2378 correctiones
851 2311 1070 2376 interlineares
1091 2309 1222 2376 additae
1243 2313 1336 2377 inve-

228 2412 367 2477 niuntur.
417 2412 520 2477 Primi
549 2411 824 2500 Oosmographiae
851 2435 962 2480 versus
987 2422 1086 2498 atque
1113 2413 1234 2506 ultimi,
1273 2438 1334 2479 nec

228 2537 291 2578 non
314 2516 511 2602 singulorum
533 2517 675 2602 capitum
697 2517 795 2601 tituli,
811 2518 926 2582 litteris
940 2514 1130 2598 uncialibus,
1152 2516 1336 2599 etquidem

228 2639 305 2704 pars
327 2627 472 2704 argento,
496 2619 607 2706 scripti
629 2628 712 2690 sunt.

210 2783 213 2790 .
317 2719 560 2806 Scripturae
589 2721 826 2809 compendia
854 2720 940 2785 haud
969 2721 1071 2784 multa
1099 2741 1159 2784 nec
1180 2721 1339 2789 inusitata

228 2823 445 2904 inveniuntur3
469 2827 573 2914 magis
596 2834 702 2890 autem
723 2821 883 2889 notandae
898 2831 972 2886 sunt
993 2821 1230 2890 litterarum
1251 2827 1338 2892 for·-

228 2949 311 2991 mae
332 2949 392 2992 nec
415 2949 480 2992 non
501 2928 811 3008 inclinationes,
834 2946 916 3008 quae
939 2926 1066 3011 saepius
1088 2937 1273 2993 occurrunt.

314 3028 635 3119 Interpungendi
657 3029 785 3117 signa·
796 3028 843 3093 sic
858 3025 1006 3094 librarius
1020 3031 1199 3116 usurpavit,
1221 3040 1259 3096 ut
1271 3053 1341 3116 pro

228 3141 386 3198 commate
408 3143 518 3200 nostro
540 3143 691 3222 puncto
712 3139 865 3213 uteretur,
886 3129 947 3196 sed
967 3131 1015 3196 ita
1035 3141 1073 3197 ut
1095 3142 1248 3219 punctum
1270 3155 1340 3219 pro

228 3233 360 3299 arbitrio
383 3258 440 3301 suo
463 3246 496 3302 et
517 3236 557 3302 iis
579 3238 613 3301 in
634 3235 713 3301 locis
736 3233 908 3317 scriberet,
936 3232 991 3298 ubi
1017 3259 1094 3301 vera
1115 3237 1341 3322 interpunctio

226 3337 313 3404 nulla
329 3348 413 3404 erat.
461 3337 550 3420 Quin
578 3338 675 3402 etiam
701 3335 789 3402 haud
810 3360 874 3403 uno
895 3338 968 3419 loco
991 3337 1134 3404 eiusdem
1155 3340 1246 3405 vocis
1270 3339 1342 3428 syl·

224 3438 317 3504 labae
345 3449 464 3526 puncto
492 3443 716 3527 seiunguntur3
760 3440 872 3507 scribit
904 3441 987 3506 enim
1018 3442 1072 3507 fol.
1102 3443 1161 3510 54:
1205 3465 1342 3531 „angu-

225 3544 285 3609 stis
308 3593 315 3608 .
340 3544 462 3615 Sima“.

312 3644 413 3734 Signo
438 3643 551 3712 deinde
572 3645 659 3728 quod
674 3649 848 3715 semicolon
863 3648 1060 3735 appellamus
1076 3650 1113 3733 (ς)
1130 3668 1260 3735 semper
1276 3671 1344 3734 pro

131 3763 133 3768 '
222 3759 342 3837 puncto
358 3759 468 3817 nostro
483 3747 596 3832 utitur,
618 3748 716 3835 idque
730 3752 902 3817 maximam
924 3751 1065 3817 omniurn
1087 3751 1153 3818 rim
1168 3753 1202 3818 in
1218 3751 1343 3818 codice

221 3863 332 3920 nostro
354 3853 467 3933 habet3
491 3873 589 3936 quare
611 3854 645 3919 in
665 3855 729 3920 fine
750 3854 890 3920 universi
913 3855 1030 3941 operis,
1051 3875 1112 3919 nec
1134 3875 1199 3920 non
1220 3856 1257 3920 in
1273 3855 1348 3919 fine

151 4018 153 4022 .
222 3956 420 4045 singulorum
443 3957 596 4043 capitum,
619 3957 682 4022 hoc
704 3957 831 4044 signum
853 3957 1008 4044 scriptum
1030 3957 1220 4023 invenimus.
1257 3956 1348 4024 Vir-

222 4060 329 4143 gulam
347 4061 383 4146 (,)
399 4061 504 4130 sexies
526 4069 650 4128 tantum
667 4059 784 4148 posuit,
806 4057 931 4126 scilicet
949 4059 1003 4124 fol.
1021 4060 1073 4128 32.
1089 4085 1122 4148 p.
1138 4062 1223 4139 med,
1244 4059 1350 4146 (bis),

127 4179 130 4186 ·
221 4159 275 4225 fol.
294 4163 361 4234 32¹.
385 4165 467 4249 ms,
489 4166 543 4232 fol.
560 4165 628 4231 33¹.
644 4173 725 4230 extr.
751 4163 839 4250 (ba),
862 4160 999 4248 denique
1020 4164 1075 4230 fol·
1092 4165 1159 4244 56¹·
1192 4162 1351 4250 virgula

221 4283 295 4327 cum
317 4276 438 4350 puncto
461 4265 664 4349 infrascripto
681 4269 716 4351 (1)
735 4267 864 4354 saepius
886 4265 988 4333 utitur
1009 4266 1159 4336 librarius
1180 4289 1243 4354 pro
1267 4265 1354 4334 solo
