2780 5092
620 467 627 525 J
732 439 795 508 190

216 622 345 680 auctore
373 622 501 698 nostro,
529 614 579 679 vel
608 613 716 699 potius
739 636 759 678 a
780 611 937 696 librariis,
965 612 1014 678 ita
1034 610 1223 698 perturbata
1243 616 1314 676 sunt

215 725 251 781 ut
273 719 327 782 vix
349 718 527 803 quidquam
553 740 612 803 pro
636 725 724 782 certo
747 715 898 780 affirmari
921 717 1033 802 possit.
1079 715 1202 784 Scribit
1224 715 1314 794 enim,

216 821 362 907 captivos
384 821 456 886 illos
479 821 520 886 ab
534 819 661 885 Histria
674 821 857 907 pervenisse
871 819 910 884 in
920 816 1095 907 Cassiopas
1109 819 1237 885 insulas.
1266 816 1317 880 De

216 923 266 988 his
288 931 413 1006 autem,
441 947 542 1010 prope
565 922 744 1011 Corcyram
766 924 854 1005 sitis,
876 921 1050 987 videndum
1072 920 1228 989 Antonini
1250 919 1317 984 Au-

217 1029 305 1115 gusti
325 1027 529 1093 Itinerarium
551 1027 837 1110 Maritimum⁵³³)‚
862 1023 972 1092 Orosii
993 1025 1198 1092 historiarum
1219 1021 1318 1104 lib.1,

218 1153 289 1218 cap.
302 1134 332 1199 2.
341 1133 408 1214 ⁶³⁴),
422 1130 540 1196 Isidori
554 1129 833 1218 Etymologiarum
848 1129 903 1194 lib.
916 1129 1013 1195 XIV.
1030 1151 1101 1215 cap.
1114 1131 1145 1196 4.
1159 1131 1189 1214 ᾗ.
1205 1128 1254 1194 lll-
1263 1126 1317 1206 ⁵³⁵)

290 1233 401 1316 Quare
419 1234 447 1298 si
469 1233 509 1300 de
525 1234 566 1299 iis
590 1234 732 1321 cogitare
750 1233 904 1299 Ilthiourn
928 1234 1143 1316 concedimus,
1167 1232 1248 1315 quae
1262 1226 1320 1294 sub

218 1337 326 1404 Probo
347 1339 545 1424 Imperatore
568 1360 588 1401 a
609 1338 904 1424 captivisFraucis
926 1346 1018 1424 gesta
1040 1346 1129 1402 sunt:
1159 1354 1256 1420 quum
1277 1330 1322 1395 illi

138 1457 140 1462 '
219 1442 348 1525 quidem
370 1451 533 1529 postremo
555 1442 588 1506 in
610 1426 812 1507 Britanniam
836 1449 868 1506 et
890 1441 1087 1506 Batavorum
1110 1438 1229 1504 insulas
1251 1457 1322 1522 per·

219 1546 450 1628 venerint⁵³⁶),
478 1568 538 1630 pro
564 1545 676 1612 insulis
699 1543 864 1631 Cassiopia
885 1546 1021 1608 fortasse
1044 1537 1323 1606 Cassiteridas

219 1648 407 1712 scribendae
437 1655 545 1728 erunt,
575 1669 653 1730 quas
681 1645 777 1710 hodie
809 1645 933 1730 „Scilly
959 1643 1107 1708 Islauds“
1133 1649 1253 1706 vocant
1274 1641 1323 1704 in·

219 1750 317 1815 colae.
351 1749 417 1813 Per
437 1771 577 1813 errorem
599 1750 683 1814 enim
704 1749 739 1814 in
759 1747 986 1832 manuscriptis
1000 1745 1090 1810 libris
1114 1755 1147 1811 et
1169 1744 1238 1810 sine
1259 1725 1327 1809 ullo'

220 1875 315 1918 sensu
337 1850 434 1917 scribi
458 1851 597 1934 „insulas
609 1848 802 1937 Cassiopas“
826 1851 891 1914 iam
910 1871 949 1915 ea
966 1871 1055 1914 exre
1071 1855 1216 1936 apparet,
1239 1845 1324 1931 quod

220 1957 247 2020 si
264 1956 335 2040 quis
349 1977 487 2020 naverex
501 1954 628 2020 Histria
643 1975 790 2043 egressus
804 1955 875 2020 illas
890 1953 983 2041 petit,
1005 1952 1150 2039 profecto
1166 1974 1230 2017 non
1245 1950 1323 2015 mnl-

220 2066 326 2123 torum
350 2081 503 2124 annorum
525 2058 601 2122 illuc
623 2058 788 2143 navigatio
812 2066 876 2140 est,
906 2056 963 2122 sed
989 2055 1085 2142 pauci
1107 2064 1235 2120 tanturn
1258 2053 1324 2118 dies

220 2162 253 2226 in
276 2162 388 2227 itinere
411 2160 617 2226 consumendi
639 2169 722 2224 sunt.
758 2160 810 2224 De
833 2161 895 2224 alia
917 2168 1025 2224 autem
1044 2157 1249 2245 captivorum
1270 2180 1324 2222 na-

220 2266 285 2328 vali
307 2263 509 2351 expeditione
530 2263 619 2326 nulla
640 2261 836 2328 audivimus:
862 2263 914 2328 cui
937 2262 1078 2346 accedit,
1102 2263 1192 2348 quod
1215 2261 1324 2328 eodem

220 2367 286 2432 fere
307 2375 451 2453 tempore
474 2373 507 2432 et
529 2365 570 2431 ab
585 2364 668 2431 Asia
689 2365 722 2429 in
737 2365 939 2430 Britanniam
960 2366 1081 2432 Franci
1103 2372 1324 2452 pervenerunt,

221 2479 255 2537 et
277 2470 319 2536 ad
340 2470 461 2536 insulas
483 2467 658 2554 Cassiopas
680 2469 793 2534 relicta
812 2470 939 2536 Histria
962 2471 1082 2556 captivi
1104 2472 1169 2554 illi,
1192 2483 1336 2554 quorum

222 2583 334 2640 auctor
356 2581 465 2639 noster
486 2573 639 2638 meminit.
673 2571 747 2664 Hoc
771 2573 854 2638 enim
876 2573 984 2659 paullo
1008 2582 1082 2640 ante
1103 2583 1217 2640 natum
1234 2569 1325 2636 Ethi-

222 2700 295 2742 cum
322 2677 420 2743 fuisse
447 2678 569 2743 sactum
597 2676 717 2761 apertis
749 2685 845 2762 atque
874 2678 969 2744 claris
997 2677 1103 2744 verbis
1132 2677 1203 2765 ipse
1232 2674 1324 2751 dicit3

221 2802 296 2844 nam
325 2779 437 2844 scribit
471 2788 536 2862 „et
569 2802 692 2865 usque
725 2781 764 2844 in
796 2779 898 2844 diem
931 2781 1170 2846 nativitatis
1201 2800 1324 2858 meae,

222 2905 320 2967 quae
351 2880 496 2948 dudum
530 2885 642 2950 culta
674 2884 852 2966 fuerant,
890 2883 930 2947 in
963 2882 1229 2946 solitudinem
1266 2902 1326 2942 re-

222 2986 344 3052 dacta
366 2991 495 3052 sunt“.

308 3079 379 3156 lam
401 3112 500 3176 supra
522 3089 808 3157 demonstravimus
826 3088 1115 3176 Cosmographiam
1145 3087 1258 3154 Ethici
1280 3085 1327 3149 in-

222 3201 274 3259 tra
303 3215 404 3257 annos
432 3194 507 3261 396.
538 3201 571 3257 et
599 3195 674 3262 009.
707 3218 727 3258 a
758 3193 879 3261 Sancto
910 3193 1108 3280 Hieronymo
1138 3192 1326 3258 translatam

223 3319 308 3381 esse,
332 3319 433 3382 neque
456 3320 532 3361 vero
558 3297 669 3363 eodem
691 3306 835 3382 tempore
857 3297 898 3362 ab
920 3296 1041 3362 Ethieo
1063 3297 1248 3382 conscripta
1269 3301 1324 3358 est.
1372 3285 1374 3291 ⁴

224 3400 322 3482 Quod
351 3401 434 3466 enim
456 3401 520 3466 iam
551 3401 620 3466 aliis
649 3422 689 3486 er
718 3401 824 3465 causis
852 3401 920 3465 veri
949 3401 1052 3466 simile
1079 3409 1145 3465 est:
1182 3423 1223 3464 ex
1251 3395 1325 3482 ipsis

222 3504 423 3571 translatoris
438 3504 544 3569 verbis
565 3510 709 3588 apparet,
725 3502 1015 3592 Oosmographiam
1030 3503 1212 3590 complures
1230 3518 1324 3564 annos

224 3614 298 3670 ante
320 3606 399 3671 illud
422 3615 548 3692 tempus
571 3605 612 3670 ab
639 3616 771 3674 auctore
794 3609 1006 3693 compositam
1028 3608 1135 3673 fuisse.
1175 3604 1325 3692 Legimus

224 3708 346 3776 scilicet
367 3732 441 3796 pag.
459 3710 541 3790 500,
559 3731 588 3771 v.
616 3709 673 3777 12:
703 3734 844 3796 „quam
871 3720 913 3776 ut
941 3735 961 3776 a
983 3707 1325 3798 praecedentibus

222 3813 453 3880 lectoribus
482 3834 622 3877 errorem
650 3814 845 3901 enigmatum
873 3815 1020 3881 illorum“
1052 3825 1111 3881 etc.
1144 3809 1323 3900 quereiam

294 3992 362 4057 533)
382 3995 422 4043 ed.
441 3995 550 4058 Parthoy
570 4003 595 4044 et
612 3996 706 4046 Pinder
723 4011 780 4060 pag.
795 3995 854 4046 25⁵.

294 4076 362 4140 534)
382 4080 422 4130 ed.
441 4082 607 4147 Havercamp.
626 4099 684 4146 pag.
698 4081 740 4132 24.

293 4161 362 4225 535)
382 4167 421 4215 ed.
440 4167 551 4229 Arevali,
570 4169 688 4219 tom.1V.
707 4184 764 4232 pag.
780 4165 838 4218 160.

294 4245 362 4308 536)
382 4249 427 4301 cfr.
448 4250 557 4314 Gibbon,
577 4254 593 4303 1.
608 4269 629 4303 c.
649 4269 704 4317 cap.
717 4255 775 4304 XII.
796 4251 869 4314 (tom.
882 4253 901 4302 Ι.
921 4267 978 4316 pag.
994 4249 1065 4313 340.)
