2780 5092
549 510 611 576 145

49 689 105 770 quis
126 695 173 753 est
195 686 270 770 quin
297 683 337 750 de
364 683 486 750 famoso
515 683 571 748 illo
592 682 771 748 Alanorum
799 682 881 748 duce
908 683 1045 771 cogitet,
1076 688 1132 771 qui

47 791 97 855 iam
119 788 271 855 Gratiano
298 789 473 874 imperante
501 789 545 872 (†
563 807 663 851 mens.
688 787 828 872 August.
857 786 932 850 anni
946 787 1035 870 383.)
1066 788 1130 854 cla-

46 916 102 976 rus,
129 901 159 958 et
186 901 262 978 post
283 892 535 958 cruentissimam
559 889 698 956 Maximi
724 887 849 954 cladem
878 888 965 974 apud
993 889 1130 960 Sisciam

45 995 69 1060 in
88 996 250 1062 Pannonia
271 995 451 1082 Legionum
473 991 673 1060 Gallicarum
695 1013 779 1056 anno
801 991 877 1060 388.
901 991 967 1056 dux
989 1015 1010 1058 a
1023 994 1130 1060 Theo-

45 1097 121 1165 dosio
141 1099 336 1166 constitutus
346 1099 422 1180 ⁸³⁶),
443 1119 518 1162 mox
540 1119 623 1162 anno
647 1097 722 1164 392.
745 1094 1005 1163 Valentinianum
1027 1097 1130 1164 iunio·

42 1225 98 1267 rem
121 1202 208 1288 apud
218 1201 380 1264 Viennam
402 1200 612 1286 strangulavit
618 1225 627 1280 ;
651 1199 708 1273 sed
730 1219 814 1264 anno
832 1199 908 1268 394.
923 1221 1032 1266 mense
1048 1200 1147 1291 Sep-¹

41 1305 146 1370 tembri
182 1301 270 1387 apud
298 1301 479 1385 Aquileiam
513 1324 533 1366 a
562 1301 745 1368 Theodosio
779 1323 888 1389 pugna
920 1302 1066 1370 devictus
1094 1326 1129 1370 se

39 1408 134 1492 ipsum
155 1403 317 1470 interfecit
328 1406 393 1488 ³³⁷).

115 1543 209 1607 Haec
239 1549 347 1606 tamen
367 1542 401 1606 in
422 1543 543 1606 incerto
565 1541 787 1627 relinquimus,
817 1562 914 1627 quum
928 1535 1052 1610 'omnes
1075 1566 1128 1610 co·

39 1645 114 1710 dices
135 1627 356 1710 Alexandrum
377 1643 536 1732 Magnum
558 1645 735 1712 Theodosii
756 1647 828 1712 loco
851 1648 1047 1734 praeferant3
1072 1669 1126 1714 ne-

39 1770 91 1831 que
111 1747 245 1811 multum
267 1769 307 1810 ex
330 1769 367 1812 ea
389 1769 424 1810 re
446 1745 584 1831 pendere
606 1749 750 1831 videtur,
777 1753 965 1834 praesertim
988 1752 1064 1837 quia
1087 1775 1127 1816 ex

36 1849 158 1932 reliquis
180 1870 258 1931 quae
279 1849 443 1914 attulimus
463 1849 528 1911 iam
549 1857 693 1932 apparet,
715 1847 1003 1934 Oosmographiam
1014 1853 1126 1918 Ethici

36 1959 103 2016 ante
132 1971 244 2016 annum
272 1952 348 2021 381.
379 1951 466 2016 nullo
494 1949 592 2014 modo
620 1949 719 2013 firisse
745 1971 885 2014 versam:
914 1959 947 2015 et
967 1953 1051 2015 infre
1072 1955 1127 2016 de-

36 2054 286 2134 monstrabimus,
321 2077 421 2119 unum
452 2074 579 2139 quoque
607 2052 715 2117 locum
742 2053 776 2116 in
805 2073 843 2118 eo
870 2052 953 2120 libro
980 2054 1127 2138 inveniri,

37 2160 82 2241 qui
101 2149 175 2245 post
198 2181 315 2222 annum
338 2159 412 2227 396.
436 2157 575 2243 scriptus
597 2157 648 2222 sit.

110 2294 238 2360 Deinde
266 2319 341 2361 vero
371 2320 453 2363 anno
482 2290 562 2363 416.Ι
587 2297 796 2360 recentiorem
825 2318 890 2360 non
913 2318 999 2379 esse,
1025 2319 1067 2362 ex
1088 2320 1126 2364 co

36 2397 212 2486 intelligitur
235 2397 321 2482 quod
344 2399 469 2484 Pelagii
490 2418 607 2460 nomen
628 2395 770 2460 nondum
792 2398 965 2478 reperitur,
989 2400 1044 2478 qui
1065 2396 1127 2462 hoc

36 2500 94 2585 ipso
117 2525 200 2566 anno
222 2499 446 2564 haeresiarcha
469 2495 586 2561 extitit.
631 2493 720 2574 Quin
744 2497 839 2559 etiam
861 2495 997 2559 fortasse
1020 2495 1127 2560 dicen-

36 2603 100 2668 dum
122 2614 181 2688 est,
206 2601 498 2689 Cosmographiam
520 2605 594 2663 ante
617 2619 734 2661 annum
750 2597 825 2665 409.
850 2618 1036 2664 conversam
1058 2620 1127 2664 esse

35 2707 60 2770 in
80 2709 230 2792 latinum,
259 2708 336 2793 quia
362 2703 474 2772 eodem
496 2713 639 2789 tempore
662 2699 790 2788 Syriam
812 2701 845 2764 in
868 2724 924 2766 sex
945 2701 1127 2789 provincias

34 2807 158 2878 divisam
179 2813 279 2886 fuisse
301 2811 418 2876 scimus
433 2809 502 2892 ³³⁸),
526 2806 615 2871 cuius
636 2805 684 2871 rei
706 2804 792 2892 apud
814 2801 968 2872 Ethioum
989 2808 1127 2894 vestigia

32 2914 109 2979 nulla
136 2914 420 2998 inveniuntur-³⁸⁹).
476 2909 585 2994 Quare
614 2907 885 2996 cosmographia,
916 2933 1014 2993 quum
1042 2910 1127 2974 intra

32 3035 122 3083 annos
146 3017 223 3084 396.
247 3025 280 3081 et
301 3017 376 3084 409.
400 3014 555 3080 translata
576 3013 633 3096 sit,
660 3011 740 3075 nihil
763 3010 893 3076 obvium
916 3019 981 3093 est,
1004 3010 1126 3094 quomi-

8 3138 81 3210 ,nus
111 3143 132 3181 a
162 3116 197 3181 S.
218 3117 418 3208 Hieronymo
442 3119 482 3202 (†
496 3117 591 3200 420.)
616 3136 803 3181 conversam
826 3137 896 3180 eam
919 3137 989 3182 esse
1013 3135 1127 3182 concc-

30 3219 149 3283 damus.

108 3353 175 3420 ΙΠ.
213 3350 349 3420 Constat
362 3353 478 3422 librum
492 3353 604 3420 Ethici
623 3352 758 3420 saeculo
774 3358 889 3435 quarto
912 3360 1050 3418 exeunte
1071 3361 1127 3416 aut

29 3455 151 3524 ineunte
167 3457 279 3542 quinto
295 3457 468 3542 aquodam
483 3460 600 3526 clerico
618 3458 807 3524 translatum
828 3477 914 3536 esse3
936 3455 1012 3520 iam
1034 3479 1127 3522 vero

30 3570 170 3645 restat,
198 3569 242 3628 ut
270 3562 463 3630 clericum
492 3562 606 3626 illum
636 3561 757 3624 alium
783 3560 975 3626 neminem
997 3559 1126 3626 fuisse

30 3666 296 3749 ostendamus,
326 3666 407 3732 nisi
434 3665 564 3749 ipsum
593 3659 898 3732 Stridonensem
924 3663 1126 3750 Hierony-

30 3786 132 3834 mum.

92 3964 162 4027 eso)
186 3966 232 4015 err.
250 3963 352 4014 meson
369 3962 386 4011 1.
404 3975 426 4010 e.
445 3974 501 4023 ap,
513 3960 620 4010 xxvn.
640 3955 713 4019 (eom.
725 3959 775 4020 111,
786 3977 845 4024 pag.
858 3935 901 4011 ir.
921 3957 1125 4021 1151)-11.

31 4047 98 4100 eliam
116 4051 204 4102 Orosii
222 4051 265 4100 lib.
278 4050 335 4111 VII,
354 4064 409 4112 cap.
424 4044 464 4096 35.
485 4041 536 4108 (cd.
549 4047 717 4109 Haverkamp,
735 4060 793 4108 pag.
807 4045 867 4094 559.
880 4043 948 4107 sqq.)

92 4133 162 4198 337)
182 4138 228 4188 cfr.
248 4135 349 4186 Gibbon
366 4134 383 4184 l.
397 4149 419 4183 c.
436 4148 495 4197 pag,
509 4133 551 4184 64,
589 4132 709 4183 Orosium
726 4130 743 4180 1.
756 4146 778 4179 c.
796 4145 854 4194 pag.
868 4128 928 4179 531.

93 4219 163 4284 338)
183 4223 230 4274 cfr.
246 4221 354 4281 Becker,
371 4221 446 4272 nona
464 4221 639 4273 Alterthtimer
655 4223 703 4268 eto.
722 4225 784 4270 tom.
796 4217 842 4280 m,
860 4217 955 4282 paral,
979 4232 1004 4282 p.
1017 4215 1077 4272 200.
1088 4234 1125 4284 eq.

93 4303 164 4369 339)
184 4309 230 4360 cfr.
249 4306 367 4358 lithicum
384 4320 442 4369 pag.
455 4305 516 4370 537,
535 4306 560 4356 7.
887 4384 928 4452 10
