2780 5092
762 455 824 524 162

243 633 369 720 linguae
390 630 461 696 soni
482 629 756 714 exprimebantur3
788 649 885 714 quere
913 651 953 694 ne
982 629 1109 694 numeri
1132 626 1265 712 qtridem
1288 628 1351 692 ele-

243 741 421 801 mentorum
447 731 639 817 respiciendi
664 740 747 797 sunt.
793 732 933 798 Accedit
955 732 1044 818 quod
1066 733 1251 797 litterarum
1273 728 1352 794 Gla-

244 839 445 926 goliticarum
466 842 564 919 atque
579 831 804 921 Cyrillicarum
822 837 946 902 numeri
960 835 1049 903 haud
1065 835 1173 923 magis
1188 841 1350 912 constant3

244 963 318 1008 nam
347 937 551 1025 alphabetum
579 936 811 1026 Glagolitioom
839 938 926 1025 apud
954 941 1033 1006 Ant.
1059 937 1204 1004 Linhart
1230 938 1354 1001 litteras

244 1045 343 1111 habet
369 1044 430 1122 323
458 1041 545 1128 apud
572 1041 774 1108 Dobrovium
789 1043 861 1124 '323
893 1043 984 1129 apud·
1002 1043 1125 1131 Angel.
1153 1040 1268 1106 Rocca
1293 1040 1352 1117 333

245 1147 383 1231 denique
410 1145 497 1231 apud
522 1143 714 1232 Kopitarem
742 1145 853 1230 39³⁰¹J
884 1155 940 1212 aut
961 1149 1088 1226 wc).
1130 1142 1354 1231 Alphabetum

246 1249 435 1337 Oyrillicum
449 1248 536 1335 apud
551 1248 680 1314 eosdem
693 1258 841 1316 auctores
860 1251 956 1316 modo
973 1251 1014 1318 37
1022 1253 1099 1330 399);
1120 1247 1220 1314 modo
1238 1245 1354 1326 39⁸⁹⁴),

247 1365 307 1424 aut
324 1354 448 1438 43³⁹⁶);
471 1351 568 1418 modo
583 1354 690 1436 llim)
707 1353 879 1437 ve145³⁹⁷l
896 1354 1005 1440 apices
1027 1349 1336 1439 complectitur³⁹⁸).

333 1459 419 1524 (lium
433 1479 511 1522 vero
530 1457 786 1542 antiquissimum
802 1456 882 1520 illud
894 1456 1161 1525 Sclavenicarum
1176 1455 1357 1520 litterarum

247 1563 457 1648 archetypum
478 1568 553 1646 post
574 1567 624 1624 tot
640 1559 768 1622 saecula
786 1560 893 1642 paullo
912 1561 1090 1627 increvisse
1110 1559 1229 1625 talium
1252 1577 1359 1622 rerum

246 1685 363 1751 gnaros
391 1661 477 1726 haud
504 1681 622 1748 magna
650 1667 737 1725 certe
762 1659 972 1727 admiratione
994 1661 1132 1743 afficiet,
1162 1659 1360 1744 praesertim

247 1768 322 1851 quia
349 1764 391 1830 de
418 1764 543 1850 graecis
571 1764 735 1828 elementis
761 1772 794 1828 et
813 1764 922 1830 latinis
944 1764 1056 1829 eadem
1079 1763 1359 1848 accepimus³⁹⁹);

247 1891 286 1936 eo
307 1867 411 1954 magis
429 1865 529 1952 igitur
552 1865 723 1933 dolendum
744 1865 837 1932 nobis
859 1873 918 1950 est,
941 1867 1029 1950 quod
1051 1867 1237 1932 scribarum
1260 1863 1361 1951 negli-

247 1970 357 2060 gentia
376 1969 503 2055 pristini
526 1991 564 2034 ac
586 1968 654 2034 reri
670 1968 786 2034 ductus
804 1970 931 2056 apicum
949 1978 1118 2056 tantopere
1134 1970 1260 2036 mutati
1276 1975 1361 2047 sunt,

246 2083 283 2141 ut
303 2072 486 2139 melioribus
508 2069 638 2137 taudem
661 2071 826 2136 codicibus
847 2073 983 2156 repertis
1005 2073 1087 2136 ratio
1111 2095 1153 2138 ea
1181 2096 1246 2157 pro
1271 2077 1361 2136 certo

246 2176 381 2242 indicari
402 2174 514 2260 possit,
537 2194 601 2256 qua
622 2181 801 2256 temporum
826 2173 962 2238 decursu
985 2197 1025 2238 ex
1048 2174 1230 2261 alphabeto
1247 2173 1362 2239 Ethici

246 2269 438 2342 recentiores
458 2275 579 2340 formae
603 2271 816 2361 Glagoliticae
840 2256 997 2344 deductae
1019 2299 1089 2344 esse
1111 2277 1304 2343 videantur.

332 2481 394 2548 IV.
439 2479 568 2546 Etenim
595 2480 720 2545 litteras
748 2479 859 2547 Ethici
885 2483 919 2550 in
946 2483 1037 2550 libris
1060 2485 1300 2572 manuscriptis
1324 2505 1364 2547 ex

247 2588 334 2654 omni
354 2592 447 2673 parte
468 2583 613 2650 turbatas
635 2605 704 2649 esse
725 2583 790 2650 iam
811 2585 995 2652 inconditus
1016 2589 1146 2654 omnino
1166 2589 1291 2654 harum
1308 2587 1363 2651 do-

248 2698 300 2755 cet
321 2688 436 2770 ordo,
465 2710 559 2771 quem
589 2710 608 2752 a
635 2679 716 2753 serie
744 2689 915 2756 latinorum
937 2690 1064 2774 apicum
1088 2689 1265 2758 discedere
1289 2712 1363 2776 per-

246 2794 392 2878 spicuum
414 2799 480 2873 est,
501 2790 561 2856 etsi
584 2813 692 2857 omnes
714 2781 787 2857 libri
816 2815 897 2876 quos
923 2792 1119 2876 inspeximus
1148 2792 1289 2862 illorum
1314 2816 1364 2858 or·

248 2893 321 2960 dine
347 2892 536 2980 procedunt.
588 2891 678 2976 Quin
706 2896 800 2960 etiam
829 2892 1000 2958 Hrabanus
1030 2893 1188 2978 Maurus,
1227 2898 1365 2983 apicum

246 2999 426 3065 nominibus
440 2997 606 3083 deceptus,
621 2997 752 3085 singulis
766 2996 881 3062 latinas
895 2996 1017 3062 litteras
1033 2995 1220 3084 adscripsit.
1258 2997 1365 3082 Quod

248 3100 376 3186 quidem
397 3101 480 3166 mole
501 3100 683 3167 institutum
705 3123 773 3169 esse
796 3099 904 3166 statim
919 3100 1096 3186 apparebit,
1119 3102 1146 3167 si
1160 3103 1297 3168 formas
1310 3103 1365 3166 lit-

244 3214 386 3304 terarum
400 3203 508 3289 paullo
522 3205 702 3269 accuratius
715 3203 953 3290 inspexerimus.
983 3204 1127 3271 Primum
1140 3205 1235 3270 enirn
1250 3206 1365 3270 littere

247 3308 359 3391 tertia,
381 3328 478 3391 quam
498 3306 618 3393 cathy
640 3307 745 3373 scriba
768 3307 956 3393 appellavit,
980 3332 999 3374 a
1020 3331 1148 3396 gamma
1167 3332 1301 3397 graeco
1325 3329 1364 3372 ne

318 3569 366 3620 soi
404 3572 449 3620 ee.
469 3570 567 3634 Glagol.
587 3533 707 3620 morien.
719 3571 769 3622 rae.
783 3573 815 3622 11.

313 3653 367 3705 992
401 3656 758 3709 cti.Pselte1iumRemenae
777 3660 1006 3722 supralaudatum,
1025 3660 1136 3709 tabulam
1155 3662 1174 3710 l.

318 3739 368 3792 999
403 3740 450 3790 cfr.
465 3741 573 3790 Linhsrt
590 3744 606 3792 l.
620 3737 641 3792 c.

369 3568 385 3630 ·)

372 3652 383 3715 )

372 3736 384 3802 )

317 3826 385 3890 394)
402 3828 448 3878 cfr.
467 3827 636 3894 Dobrowsky‚
653 3832 773 3881 Instituit.
793 3831 882 3882 Stevic.
901 3845 959 3896 pag.
972 3831 997 3881 4.
1017 3828 1105 3891 (tabul.
1118 3829 1164 3892 Π.)

316 3912 384 3977 995)
403 3915 448 3965 cfr.
466 3915 552 3967 Rocca
569 3917 620 3966 to.

316 3998 383 4063 396)
402 4003 447 4052 cfr.
467 4001 566 4067 Glagol.
586 4003 657 4055 Cloe.
675 4003 692 4052 l.
705 4017 726 4051 c.

316 4086 383 4149 997)
402 4090 448 4138 cir.
466 4089 618 4140 Psalterium
633 4091 758 4139 Remense
775 4088 792 4138 lr
806 4103 827 4138 o.

316 4171 382 4234 398)
401 4177 458 4225 vide
476 4177 552 4225 stiam
571 4175 772 4226 Grubissichium
789 4174 806 4222 l.
820 4187 841 4222 c.
860 4185 917 4236 pag.
931 4171 973 4222 44.
991 4179 1051 4236 post
1066 4173 1174 4224 initium.
1243 4179 1245 4187 “

314 4255 381 4316 999)
400 4261 446 4310 cfr.
464 4262 540 4311 Plinii
558 4263 623 4312 Hist.
641 4261 728 4312 Natus.
746 4260 803 4311 Lib.
816 4259 873 4320 Vll,
892 4272 947 4321 cap.
959 4258 1027 4320 LVI,
1046 4266 1106 4310 sect.
1120 4259 1161 4309 ⁵7.
