2784 5106
770 503 869 582 52Ι

240 696 378 780 reliquos
405 693 520 758 tertiae
547 687 741 756 recensionis
771 685 899 753 codices
926 695 1056 752 exortos
1084 707 1155 752 esse
1184 685 1351 758 credimur

241 823 280 866 ea
302 807 366 882 est,
395 797 471 883 quis
499 793 656 861 hocloco
677 793 793 858 vitium
813 789 893 858 illud
913 791 1053 877 primum
1074 790 1241 857 invenitur
1266 795 1350 879 quod

199 925 205 936 ·
241 902 356 970 deinde
376 899 516 985 reliquos
537 896 637 962 libros
658 917 769 962 omnes
784 892 981 960 defoedavit:
1005 892 1129 959 scilicet
1143 902 1181 959 ut
1203 917 1348 964 nomen

240 1004 407 1094 Didymi
429 1003 638 1068 omitteretur.
676 997 783 1082 Quem
805 999 889 1064 enim
912 997 1058 1083 quamvis
1078 995 1157 1063 VII.
1180 996 1286 1068 huius
1306 1004 1347 1067 fa-

239 1109 346 1176 miliae
366 1107 441 1176 libri
462 1105 575 1194 optimi
595 1103 804 1186 servaverint,
824 1101 859 1168 in
878 1100 1010 1186 reliquis
1030 1107 1138 1167 tamen
1159 1108 1199 1166 ιιι
1219 1103 1348 1170 videtur

240 1213 387 1280 omnibus
410 1208 541 1292 excidit,
562 1208 667 1274 itaut
688 1207 734 1272 illi
755 1214 822 1272 tres
842 1213 969 1272 tantum
989 1225 1152 1270 mensores
1166 1205 1273 1272 finsse
1287 1217 1347 1274 tra·

241 1315 329 1382 dent
387 1311 497 1397 Quare
526 1309 655 1378 codices
684 1310 824 1376 familiae
851 1308 891 1374 Β.
921 1309 955 1374 in
984 1316 1050 1376 tres
1076 1316 1186 1394 partes
1218 1309 1344 1378 abeunt

239 1419 366 1486 Harum
394 1427 501 1484 autem
527 1415 669 1503 partium
696 1414 819 1501 primae
848 1410 1101 1480 adiudicabimus
1131 1410 1266 1479 codices
1290 1415 1344 1482 Vl.

240 1523 391 1607 optimos,
413 1521 469 1604 qui
491 1518 620 1605 quidem
638 1539 679 1584 ex
694 1516 914 1601 antiquissimo
925 1513 1178 1582 vindobonense
1191 1520 1345 1606 exscripti

240 1631 325 1690 sunt.
369 1623 423 1688 Ex
444 1621 495 1688 his
521 1619 637 1686 deinde
659 1617 818 1686 secundae
841 1619 951 1686 classis
971 1617 1046 1684 libri
1067 1618 1146 1684 VII.
1168 1622 1238 1686 nati
1259 1631 1345 1706 sunt,

240 1727 308 1794 sive
330 1727 354 1792 ii
376 1726 432 1811 qui
453 1723 632 1812 Didymum
654 1723 819 1790 omittunt:
850 1744 986 1808 quornm
1010 1721 1136 1809 priores
1157 1723 1214 1807 V.‚
1242 1745 1346 1808 quum

240 1829 375 1896 eandem
409 1828 650 1916 inscriptionem
678 1825 836 1910 habeant,
877 1824 1020 1892 eiusdem
1054 1824 1176 1910 codicis
1202 1825 1343 1894 habendi

239 1941 315 2000 sunt
342 1932 539 2022 apographa.
584 1929 733 2017 Denique
760 1937 930 2017 supersunt
955 1927 1019 1994 dno
1042 1938 1138 2016 atque
1159 1932 1201 2016 ii,
1229 1932 1343 2018 quibus

238 2037 368 2104 brevior
394 2038 448 2104 ille
475 2037 587 2102 titulus
610 2036 787 2102 communis
809 2041 874 2117 est,
903 2055 1001 2118 quare
1024 2034 1159 2100 altemm
1180 2058 1223 2102 ex
1244 2036 1343 2102 altero

239 2142 436 2226 exscriptum
464 2159 533 2204 esse
563 2136 784 2218 iudicabimus.
841 2135 957 2222 Neque
985 2138 1128 2204 enimin
1155 2146 1250 2205 tanto
1279 2163 1344 2206 me-

238 2243 475 2328 nusoriptorum
503 2238 656 2305 librorum
682 2260 814 2310 numero
847 2241 916 2306 veri
950 2241 1053 2307 simile
1080 2250 1128 2308 est
1154 2241 1258 2308 latere
1289 2243 1345 2308 ad-

238 2343 303 2408 buc
324 2343 458 2427 multos,
494 2351 527 2407 et
553 2343 741 2431 praesertim
770 2365 825 2409 eos
853 2345 909 2429 qui
935 2343 1103 2411 recentiori
1129 2352 1238 2410 aetate
1267 2370 1346 2414 con·

238 2447 315 2514 fecti
336 2455 426 2529 sunt3
455 2447 503 2514 ita
523 2445 669 2514 ut‘haud
690 2447 825 2514 multum
848 2446 995 2514 aberrare
1021 2445 1189 2528 credimus,
1212 2447 1241 2510 si
1265 2459 1305 2514 et
1331 2476 1348 2515 a

237 2551 482 2624 Vindobonensi
510 2551 623 2618 codice
648 2552 797 2620 meliores
823 2559 920 2618 notae
947 2565 1025 2637 sex,‘
1050 2559 1083 2618 et
1109 2547 1220 2614 eodem
1240 2553 1346 2620 modo

238 2657 378 2740 reliquos
401 2654 442 2720 ab
462 2677 526 2720 uno
550 2653 726 2739 eodemque
746 2654 829 2721 libro
852 2677 1015 2722 emanasse
1038 2653 1183 2720 dicimus.
1231 2652 1343 2738 Quam

239 2779 307 2822 rem
328 2758 375 2824 ita
397 2779 432 2822 se
454 2755 659 2824 heboreiam
680 2757 752 2824 aliis
774 2759 972 2850 argumentis
993 2756 1296 2826 demonstrabimus.

449 3101 451 3110 .
526 3115 659 3157 comeus
682 3111 815 3156 ORDIMS
837 3115 968 3159 ruronls
987 3117 1044 3160 Vll.

325 3227 366 3293 Β.
391 3226 1161 3304 Ood.VindobonensisCaesareus181.
1189 3233 1339 3302 Hister.

237 3330 391 3418 profan.
409 3333 495 3404 658.
523 3335 732 3418 (Endlichero
749 3333 989 3426 OCCXXIX.)
1014 3338 1130 3405 saecul.
1145 3337 1245 3404 VIII.
1271 3363 1342 3405 exe·

236 3429 297 3499 rat.
327 3437 540 3503 membraneo.
569 3438 685 3502 litteris
706 3437 885 3509 uncialibus
907 3443 1078 3531 conscript.
1114 3441 1268 3508 foliorum
1293 3445 1341 3512 60.

236 3537 270 3599 in
296 3538 342 3604 4⁰.

325 3635 454 3706 Insunt:
482 3641 537 3707 fol.
555 3643 583 3708 1.
606 3642 1017 3729 Pseudo-AethicuS,
1040 3649 1096 3732 qui
1117 3645 1247 3734 incipit:
1276 3650 1343 3733 „In

237 3741 396 3808 nomine
423 3743 500 3809 Dei
528 3749 720 3814 summio
748 3750 908 3837 Incipit
929 3747 1259 3840 Cosmographia
1289 3754 1343 3818 fe·

237 3847 377 3914 liciter
399 3867 484 3912 cum
505 3847 750 3918 Itenerariis
773 3853 856 3918 suis
879 3860 918 3917 ct
938 3853 1130 3940 portibus
1152 3862 1192 3920 et
1214 3879 1265 3922 ex
1287 3858 1342 3922 fa·

239 3995 370 4062 stibus
391 3994 655 4064 Romanorum
678 4004 718 4062 et
740 3975 945 4065 consillum
967 4000 1198 4067 nominibus
1221 4012 1263 4068 et
1287 4003 1343 4070 di·

238 4099 381 4181 versis,
405 4102 490 4168 sine
513 4124 589 4187 quo
611 4121 726 4166 nemo
747 4099 1010 4186 prudentium
1033 4123 1121 4168 esse
1141 4113 1295 4191 potest.
1320 4128 1343 4170 u

240 4194 451 4280 „Lectionum
473 4205 622 4294 pervigili
644 4224 721 4268 curn
749 4249 857 4268 .......
886 4226 968 4289 quae
995 4213 1094 4294 caput
1122 4215 1172 4274 est
1198 4209 1292 4276 orbis
1315 4216 1344 4275 et

233 4297 368 4364 domina
389 4299 527 4370 Senatus
535 4310 563 4370 “.
613 4303 749 4370 EXPL.
776 4303 1029 4379 FELICITER
1059 4306 1344 4381 DESCRIPTIO
