2800 5088
745 776 789 841 Π.

350 943 482 984 CODICES
505 941 559 989 cv!
584 919 745 1000 „AETH101“
768 939 878 980 110111111
900 935 1111 979 Paternum
1133 935 1180 978 111.

306 1075 456 1143 Secundo
476 1074 549 1139 loco
570 1073 643 1140 libri
665 1074 711 1140 illi
732 1070 918 1138 recensendi
940 1079 1024 1155 eunt,
1047 1071 1103 1155 qui
1124 1067 1320 1156 Cosmogra·

217 1178 327 1263 pbiam
349 1177 489 1245 Aethico
515 1177 692 1242 ascribunt:
722 1177 777 1262 qui
806 1175 951 1260 quamvis
980 1173 1108 1240 saeculo
1130 1171 1212 1238 ΧΠ.
1238 1174 1319 1238 anti-

218 1283 344 1366 quiores
372 1305 436 1347 non
465 1282 545 1364 sint,
573 1289 690 1346 tamen.
707 1279 846 1366 ingentis
873 1277 1037 1342 bominum
1060 1276 1318 1342 doctissimorum

217 1385 445 1452 sententiarum
468 1384 661 1452 confusionis
684 1405 782 1450 eausa
797 1381 970 1448 extiterunt
985 1389 1017 1446 et
1033 1379 1135 1467 origo.
1174 1378 1320 1462 Quaeret

124 1479 136 1504 ⁸
216 1488 315 1574 igitur
337 1490 496 1574 quispiam
518 1510 656 1573 quonam
680 1487 776 1552 modo
796 1487 919 1552 factum
941 1485 994 1567 eit,
1014 1481 1240 1550 utAethicum
1263 1498 1319 1548 an-

218 1599 340 1656 ctorem
366 1590 525 1677 praedicti
551 1589 625 1656 libri
653 1587 855 1676 praeferant?
880 1585 998 1670 «Quod
1022 1585 1098 1653 inde
1120 1595 1226 1652 ortum
1248 1608 1318 1651 esse

218 1693 393 1776 oredimus,
421 1693 497 1776 quia
519 1691 776 1780 Cosmographia
801 1699 912 1758 nostra
938 1689 972 1754 in
1000 1690 1115 1756 iisdem
1136 1690 1224 1756 libris
1245 1712 1317 1755 sae-

216 1798 289 1885 pius
311 1819 422 1861 verum
436 1795 589 1861 Ethieum
610 1805 746 1880 sequuta
760 1803 820 1878 est,
841 1795 889 1858 ita
904 1801 939 1858 ut
952 1793 1075 1860 librarii
1087 1795 1183 1860 facile
1196 1802 1317 1860 utrum·

217 1923 279 1985 que
302 1922 382 1986 opus
404 1899 523 1966 Etbieo
552 1899 738 1967 tribuerent.
782 1896 822 1963 Id
851 1903 958 1961 autern
982 1920 1019 1964 eo
1041 1897 1168 1964 facilius
1190 1906 1317 1984 poterat

184 2071 188 2075 .
217 2004 373 2088 accidere,
386 2003 472 2088 quod
484 2001 740 2092 Cosmograpbia
754 2003 787 2067 in
802 2001 961 2086 plerisque
975 2001 1212 2088 manuscriptis,
1236 2001 1318 2066 siout

217 2106 371 2190 vidimus,
401 2115 566 2172 auctorem
594 2106 714 2170 nullum
738 2104 882 2184 exhibet3
912 2102 1027 2169 deinde
1049 2126 1125 2169 vero
1148 2105 1232 2169 siin
1254 2127 1317 2169 uno

217 2211 357 2276 alterove
380 2208 507 2292 codice,
536 2210 622 2274 nullo
645 2209 750 2294 spatio
771 2207 969 2291 intermisso,
997 2205 1151 2273 Ethicum
1174 2207 1215 2274 ab
1238 2209 1319 2274 Hie-

217 2335 351 2399 ronymo
373 2311 563 2378 translatum
586 2334 745 2399 anonyma
766 2311 841 2377 Iulii
861 2311 998 2376 Honorii
1019 2310 1165 2378 Oratoris
1180 2309 1318 2377 Cosmo-

216 2416 361 2504 graphia,
385 2422 440 2482 aut
463 2415 491 2481 si
511 2413 596 2482 banc
617 2417 721 2502 ipsam
744 2415 891 2500 Etbicus‚
913 2423 1073 2501 exc1peret
1087 2453 1127 2462 —
1147 2414 1246 2499 idque
1269 2417 1320 2480 ita

216 2543 250 2587 se
272 2521 390 2587 habere
411 2520 445 2585 in
466 2519 641 2588 Parisiensi
663 2520 760 2588 4871.
784 2519 878 2586 docet
893 2516 1195 2602 D'Avezacius¹⁹⁵):
1218 2517 1320 2584 Ethi-

217 2647 274 2690 cus
304 2633 411 2689 autem
434 2621 724 2711 cosmographiam
749 2623 941 2708 sequebatur
968 2623 1002 2688 in
1025 2621 1136 2687 codice
1157 2623 1319 2710 Augiensi

217 2748 311 2810 quem
333 2747 430 2808 supra
444 2727 496 2803 ¹⁹⁶)
527 2724 728 2790 laudavimus
750 2735 884 2790 —tum
910 2750 1025 2791 nomen
1046 2725 1157 2791 Ethici
1177 2727 1211 2791 in
1235 2723 1318 2792 Cos-

216 2828 437 2916 mographiam
459 2849 585 2913 quoque
606 2829 796 2894 translatum
816 2829 915 2894 fuisse
942 2853 982 2894 ne
1004 2830 1072 2896 sine
1094 2838 1225 2896 auctore
1248 2853 1317 2896 esse

215 2931 378 3000 videretur
399 2932 470 3016 quis
493 2939 543 2998 est
564 2932 642 3015 quin
662 2931 797 2998 libenter
826 2931 957 2997 eredat?
991 2930 1067 3015 Qua
1083 2933 1121 2998 in
1142 2957 1178 2998 re
1199 2932 1317 2998 nullius

216 3047 266 3104 est
287 3035 455 3120 momenti,
481 3034 568 3120 quod
593 3035 713 3102 frustra
739 3035 835 3102 toties
863 3036 1011 3103 iactitant
1038 3036 1094 3120 qui
1114 3060 1174 3122 pro
1196 3035 1317 3102 Ethico

215 3148 346 3206 auctore
375 3137 649 3228 cosmographiae
679 3148 917 3226 pugnaverunt,
955 3139 997 3205 ad
1023 3139 1176 3206 Ethicum
1204 3139 1317 3205 reduci

214 3243 331 3312 librum
357 3253 501 3310 nostrum
530 3267 550 3309 a
571 3241 756 3310 Flodoardo
770 3241 823 3324 191)
847 3251 880 3307 et
902 3241 1041 3331 Hugone
1062 3243 1317 3316 Flaviniacensis

214 3347 399 3415 monasterii
428 3345 544 3414 abbate
562 3347 627 3428 ¹⁹⁸).
672 3343 747 3408 Hoc
775 3352 900 3412 tantum
922 3370 960 3412 ea
982 3370 1079 3414 exre
1102 3346 1319 3434 colligendum

214 3475 415 3483 ———-—

215 3528 395 3591 D’Achery,
417 3526 557 3592 presbyteri
580 3540 609 3574 ac
631 3527 750 3576 monaehi
769 3525 871 3579 Ordinis
890 3529 916 3580 S.
934 3530 1080 3592 Benedicti,
1103 3529 1319 3594 congregationis

215 3613 241 3663 S.
254 3613 345 3661 Mauri.
380 3611 452 3661 Nova
468 3612 554 3661 Editio
572 3617 633 3661 tom.
645 3612 678 3662 Π.
696 3612 800 3665 Parisiis
820 3614 896 3665 1723.
915 3615 959 3664 101.
977 3631 1035 3680 pag.
1048 3613 1109 3665 291.
1122 3631 1177 3678 sqq.
1206 3611 1319 3676 [Editio-

214 3699 254 3749 nis
276 3697 367 3762 prioris
389 3703 450 3747 tom.
468 3699 493 3758 1,
519 3711 577 3762 pag.
594 3696 654 3749 119.
672 3697 744 3766 sqq]
773 3703 816 3754 nbi
843 3703 964 3754 videndus
989 3709 1028 3751 eat
1053 3701 1118 3753 liber
1139 3703 1184 3752 ΠΙ.
1215 3717 1271 3766 cap.
1292 3701 1318 3752 3.

213 3803 271 3852 pag.
284 3785 344 3838 311.
356 3785 387 3834 Β.

287 3868 352 3933 195)
371 3885 430 3936 pag.
443 3868 503 3919 291.
522 3873 566 3921 sed
585 3875 641 3924 vide
660 3888 724 3936 quae
741 3889 789 3923 nos
807 3889 883 3937 supra
900 3873 1076 3924 adnotavimus
1093 3889 1151 3938 pag.
1166 3873 1207 3924 31.
1221 3875 1290 3924 med.

285 3959 335 4010 196
423 3955 532 4008 aaa.

285 3957 352 4106 1971
371 3973 525 4097 inaglustoriri
540 4047 710 4096 ecclesiastice
727 4044 846 4094 Remensi
864 4045 903 4094 ed.
926 4043 1097 4096 Oolvonerius.
1134 4047 1217 4097 Duaei
1237 4044 1318 4095 1617.

213 4124 250 4177 8⁰.
280 4130 323 4180 lib.
336 4133 356 4192 1,
376 4148 430 4197 cap.
447 4134 468 4184 1.
482 4148 544 4208 pag.
558 4132 582 4184 1.

285 4210 352 4274 193)
372 4217 416 4266 cfr.
428 4220 510 4282 Perta,
528 4221 694 4270 Monumenta
708 4215 857 4268 Germaniae
874 4217 1009 4278 Historica,
1028 4215 1149 4282 Scriptor.
1168 4227 1229 4270 tom.
1243 4218 1320 4280 vm,

213 4315 270 4365 pag.
284 4297 343 4350 291.
361 4315 424 4352 vers.
439 4302 480 4354 36.
494 4319 548 4366 sqq.
