2784 5106
428 1360 808 1451 ARGVMENTVM.

68 1717 146 1768 Liber
163 1718 184 1767 1.
220 1717 265 1767 De
284 1716 536 1782 Cosmographia
553 1717 630 1768 Iulii
648 1717 783 1768 Honorii
802 1716 957 1768 Oratoris.
994 1729 1052 1778 pag.
1068 1709 1170 1760 1-86,

35 1848 43 1861 ,
141 1802 225 1867 Caput
241 1804 261 1853 I.
291 1803 332 1853 Dc
345 1802 562 1869 cosmographiae
580 1803 731 1854 editionibus
750 1810 776 1853 et
792 1802 937 1854 auctoribus
957 1801 1000 1863 qui
1018 1801 1049 1848 de
1069 1813 1099 1848 ea
1115 1811 1171 1847 sen·

341 1890 433 1938 tentiae
451 1890 591 1940 ediderunt.
627 1903 684 1953 pag.
699 1887 801 1938 t-12.

185 1973 206 2032 §-
222 1973 244 2022 1.
272 1974 313 2023 De
332 1971 549 2037 cosmographiae
566 1975 726 2024 editionibus.
762 1987 820 2037 pag.
835 1971 920 2021 1-3.

183 2057 205 2117 ἐ.
218 2057 244 2110 2.
271 2059 413 2108 Auctorum
431 2059 474 2121 qui
493 2061 525 2108 de
536 2059 628 2110 Ethico
640 2062 795 2124 scripserunt
806 2057 969 2111 enumeratio.
997 2069 1055 2119 pag.
1069 2053 1083 2104 ³
1095 2051 1172 2102 -12.

142 2144 226 2209 Caput
236 2145 268 2194 Π.
292 2143 333 2193 Dc
345 2145 427 2207 prima
435 2145 493 2195 Iulii
501 2145 609 2195 Honorii
619 2145 836 2209 Cosmographiae
849 2142 1005 2194 recensione.
1014 2157 1040 2206 p.
1052 2137 1186 2208 12-23.Ι

183 2229 206 2290 ἐ.
219 2229 244 2280 3.
271 2231 312 2280 De
324 2231 420 2293 primae
432 2231 588 2281 recensionis
600 2232 685 2283 indole
699 2239 724 2282 et
732 2231 802 2280 libris
812 2229 997 2293 manuscriptis.
1015 2244 1041 2292 p.
1050 2224 1172 2276 14-23.

141 2315 226 2381 Caput
245 2316 290 2368 Ill.
335 2317 376 2366 De
404 2318 531 2366 secundae
558 2318 713 2368 recensionis
737 2317 824 2367 indole
847 2322 873 2366 et
894 2316 964 2365 libris
986 2313 1171 2376 manuscriptis.

338 2417 396 2467 pag.
409 2400 533 2452 23-45.

184 2487 206 2548 ξ.
218 2487 244 2539 4.
269 2488 312 2537 De
331 2487 457 2536 secundae
476 2488 630 2536 recensionis
648 2487 741 2535 indole.
778 2500 836 2548 pag.
849 2484 972 2535 23-31.

185 2572 207 2630 §-
221 2573 246 2620 5.
272 2573 315 2620 De
332 2571 403 2618 libris
421 2569 598 2631 manuscriptis
617 2571 660 2632 qni
678 2570 711 2619 ad
722 2569 855 2620 Familiam
863 2569 896 2619 A.
908 2569 1043 2633 pertinent.
1067 2583 1125 2632 pag.
1139 2566 1170 2618 31

343 2653 424 2705 -35,

185 2741 206 2801 §-
221 2740 245 2792 6.
272 2741 312 2790 De
329 2741 400 2790 libris
418 2740 595 2803 manuscriptis
614 2741 657 2803 qai
675 2742 707 2790 ed
719 2740 852 2792 Familiam
860 2742 891 2792 B.
909 2743 1043 2806 pertinent.
1067 2757 1125 2805 pag.
1139 2739 1172 2791 35

339 2825 421 2877 -40,

184 2913 205 2972 5.
220 2913 244 2963 7.
271 2914 371 2978 Reliqui
389 2914 515 2964 secundae
533 2914 688 2963 recensionis
706 2897 815 2964 codices.
852 2928 909 2978 pag.
923 2912 1044 2964 40-45.

142 3001 226 3065 Caput
233 3000 278 3050 IV.
302 3001 343 3051 De
352 3000 441 3050 tertiae
450 2999 605 3050 recensionis
615 2999 700 3049 indole
710 3007 736 3050 et
743 3000 814 3050 libris
823 3001 1009 3062 manuscriptis.
1022 3015 1048 3063 p.
1057 2997 1171 3049 45-84.

183 3085 205 3146 ξ.
218 3084 243 3135 8.
271 3087 311 3136 De
328 3087 418 3136 tertiae
436 3087 591 3136 recensionis
609 3086 702 3135 indole.
738 3101 796 3150 pag.
810 3083 932 3135 45-47.

141 3175 142 3178 ’
184 3171 207 3232 §.
220 3170 244 3221 9.
272 3173 313 3222 De
330 3172 400 3222 libris
418 3171 594 3235 manuscriptis
613 3171 734 3221 Familiae
752 3171 785 3220 A.
822 3186 879 3235 pag.
892 3169 1015 3222 47-50.

168 3256 190 3316 §.
205 3257 246 3307 10.
273 3258 314 3305 Dc
332 3257 402 3305 libris
419 3259 596 3321 manuscriptis
614 3257 735 3307 Familiae
753 3257 784 3305 Β.
820 3271 878 3320 pag.
892 3255 1014 3306 51-62.

168 3341 191 3401 ξ.
205 3339 246 3391 11.
274 3341 314 3389 De
332 3340 402 3390 libris
419 3344 595 3406 manuscriptis
613 3342 733 3393 Familiae
753 3341 782 3392 C.
818 3356 877 3405 pag.
892 3340 1014 3392 dil-71.

169 3427 190 3488 ξ.
206 3425 247 3477 12.
275 3425 376 3488 Reliqui
393 3427 492 3477 codices
510 3427 580 3478 XXI.
615 3443 673 3492 pag.
687 3426 808 3478 71-81.

168 3513 190 3574 ξ.
205 3511 246 3564 1³.
274 3512 315 3561 De
333 3510 452 3560 subsidiis
470 3524 550 3560 norae
568 3513 683 3564 editionis
702 3513 926 3578 cosmographiae.
958 3528 1016 3578 pag.
1030 3510 1152 3563 81-84.

271 3597 352 3648 Index
369 3596 491 3646 librorum
508 3599 742 3661 manuscriptorum.
778 3615 836 3664 pag.
848 3597 972 3649 85-86,

72 3773 191 3824 LiberlI.
223 3771 269 3821 De
286 3771 378 3820 libris
396 3770 624 3834 manuscriptis
638 3767 905 3836 Oosmographiac
922 3773 1036 3823 Fthioi.
1066 3785 1124 3835 pag.
1137 3769 1171 3820 87

336 3887 376 3906 ,-
400 3854 441 3907 32.

143 3943 228 4008 Caput
238 3943 258 3992 1.
286 3855 443 3994 Tesnminia
461 3950 486 3993 et
503 3943 596 3992 iudicia
613 3943 723 3992 virorum
741 3943 873 3994 doctorum
890 3945 921 3994 de
938 3944 1037 3993 Ethioo.
1067 3956 1124 4006 pag.
1137 3939 1171 3991 89

341 4027 423 4079 -ee

143 4113 227 4178 Caput
237 4114 271 4164 Π.
297 4114 338 4166 De
355 4115 425 4165 libris
443 4115 619 4179 manuscriptis
630 4112 846 4178 Cosmographiae
854 4113 946 4163 Ethici.
964 4126 1021 4176 pag.
1032 4109 1170 4165 99-130.

185 4198 207 4258 5.
221 4197 244 4248 1.
272 4200 312 4250 De
330 4200 401 4251 libris
417 4201 594 4265 manuscriptis
611 4201 732 4250 Familiae
750 4200 783 4250 A.
820 4214 877 4263 pag.
893 4196 1048 4250 100-103.

188 4281 208 4350 ig.
221 4285 245 4336 2.
272 4287 312 4337 De
330 4287 400 4338 libris
418 4287 594 4350 manuscriptis
612 4285 733 4337 Familiae
751 4287 782 4338 B.
818 4300 876 4350 pag.
893 4281 1048 4335 tol-111.
