2784 5106
597 461 639 530 23

152 637 246 704 Haec
265 636 379 720 habeo,
401 635 540 721 quaeda
556 659 632 702 vara
646 634 921 724 cosmographiae
937 639 1041 704 forma
1061 636 1170 721 dispu-

54 750 146 820 tem3
177 742 242 806 iam
270 763 346 806 vero
375 738 418 805 ad
440 740 520 806 alios
542 739 641 806 libros
664 738 854 828 accedamus
876 763 940 826 quo
963 741 1075 806 melius
1097 761 1169 804 sen·

54 844 166 908 tentia
188 867 226 909 ea
248 843 428 910 confirmari
449 844 563 930 possit,
587 866 684 929 quam
706 842 748 910 de
769 843 844 909 Iulii
865 841 1013 910 Oratoris
1034 841 1169 910 Cosmo·
1216 897 1217 900 ,

54 946 198 1034 graphia
218 947 383 1033 hucusque
401 948 621 1045 exposuimus.

516 1197 716 1206 -—--·-—-—

446 1491 667 1611 CAPVT
705 1493 788 1608 111.

89 1673 156 1740 nu
178 1633 432 1742 succuum
454 1671 768 1744 nncuusrours
790 1672 972 1742 ruuouu
995 1671 1054 1738 nr
1077 1669 1141 1736 ur-

370 1783 475 1854 ams
497 1783 857 1855 uruvscmrus.

574 1999 605 2083 a.
635 1998 666 2063 ι.

287 2131 334 2182 DE
353 2131 539 2185 sncvnnAn
556 2135 783 2188 nncnnsrouls
800 2133 941 2208 mooun,

153 2285 322 2355 Secundae
333 2288 527 2356 recensionis
539 2287 813 2378 Cosmographiae
828 2298 945 2354 natura
957 2292 1053 2370 atque
1065 2283 1169 2348 forma

58 2390 146 2457 tales
167 2399 258 2474 sunt,
286 2399 322 2454 ut
342 2391 437 2456 facile
461 2401 630 2476 appareat,
656 2395 792 2476 primam
815 2391 987 2456 editionem
1011 2409 1092 2472 quae
1113 2384 1168 2451 Iu-

4 2495 143 2600 lium
158 2495 339 2558 Honorium
357 2502 522 2556 auctorem
542 2493 692 2574 praefert,
715 2491 915 2556 emendatam
937 2497 1052 2572 postea
1073 2497 1169 2570 atque

4 2665 5 2678 ,
61 2603 141 2660 auct
143 2617 195 2658 am
216 2595 315 2659 fuisse
338 2593 378 2658 ab
400 2593 528 2660 homine
550 2594 658 2658 nescio
681 2609 761 2678 quo.
801 2588 868 2673 Qui
890 2611 989 2675 quum
1010 2588 1086 2660 Iulii
1099 2586 1170 2653 Ho-

60 2699 148 2764 norii
169 2719 253 2784 opus
274 2698 341 2763 suis
364 2697 448 2763 curis
476 2697 523 2764 ita
550 2697 765 2782 emendasset,
793 2704 831 2760 ut
852 2715 954 2764 novus
976 2693 1068 2779 quasi
1089 2691 1170 2758 liber

62 2803 210 2868 extitisse
231 2801 410 2867 videretur:
438 2801 523 2867 illius
544 2799 692 2867 Oratoris
714 2822 846 2882 nomen,
872 2798 961 2884 quod
981 2799 1081 2884 priori
1104 2793 1169 2862 00-

63 2905 291 2994 smographiac
313 2905 445 2971 editioni
467 2893 681 2994 subiungitrir,
702 2905 773 2970 iure
795 2925 852 2967 suo
875 2903 996 2987 optimo
1018 2902 1134 2966 omisit

151 3010 215 3076 Est
236 3017 345 3075 autem
367 3008 526 3074 secundae
546 3009 740 3075 recensionis
761 3007 865 3071 forma
879 3005 969 3069 haec.
1008 3002 1170 3088 Compen-

63 3115 121 3180 dia
140 3115 196 3179 illa
217 3114 404 3195 insularum,
425 3115 594 3196 montium,
615 3112 863 3197 provinciarum,
885 3107 1088 3195 oppidorum,
1110 3105 1169 3170 ssu-

61 3218 189 3283 minum
205 3226 238 3280 et
256 3216 400 3301 gentium
418 3217 559 3281 omnium
572 3218 606 3282 ιιι
621 3225 777 3280 terrarum
792 3213 880 3295 orbe,
903 3235 984 3296 quae
998 3210 1058 3277 sub
1073 3210 1177 3280 finem,

62 3319 184 3408 prioris
206 3315 354 3381 editionis
377 3298 486 3384 addita
507 3319 725 3402 inveniuntur,
749 3341 788 3383 ea
809 3325 922 3382 auctor
942 3324 1060 3396 noster,
1083 3317 1169 3398 quis-

65 3423 140 3510 quis
162 3421 268 3503 fuerit,
291 3418 402 3487 ordine
420 3421 475 3485 illo
494 3422 630 3505 pristino
649 3423 814 3510 neglecto,
836 3422 883 3486 ita
904 3417 1112 3502 transposuit,
1133 3425 1170 3481 ιιι

64 3525 167 3592 verba
190 3523 424 3609 ,Excerpta
398 3545 465 3589 e1us
481 3521 663 3608 Sphaerae“
688 3535 749 3592 cet.
773 3547 854 3610 quae
876 3542 934 3610 per
956 3543 1105 3604 errorem,
1127 3522 1170 3586 si·

67 3638 124 3697 cut
145 3628 450 3710 demonstravimus,
472 3627 506 3692 in
527 3628 618 3693 initio
641 3627 914 3716 Gosmographiae
935 3625 1057 3692 codicis
1078 3624 1170 3690 Pari-

68 3732 182 3798 siensis
196 3732 293 3800 4808.
308 3730 457 3797 librarius
472 3731 810 3817 collocavit„proxime
825 3730 1058 3802 antecederent.
1085 3727 1171 3810 Qua

69 3861 116 3903 ex
139 3859 181 3901 re
203 3835 404 3920 sequitur,
434 3833 637 3901 secundae
665 3838 916 3904 recensionis
939 3833 1102 3902 codices
1125 3855 1170 3897 ex

68 3940 145 4006 hoc
168 3941 257 4026 ipso
279 3939 508 4006 Pariaiensi
528 3939 631 4004 libro
654 3961 870 4008 emanasse.

158 4041 454 4130 Transpositionem
484 4051 591 4108 autem
619 4044 707 4109 fliam
736 4046 1012 4133 compendiorum,
1042 4041 1082 4108 de
1108 4065 1171 4128 qua

71 4147 227 4230 diximus,
257 4168 314 4210 cur
341 4145 460 4214 factam
484 4135 555 4223 esse
574 4156 769 4232 statuamus,
799 4149 885 4213 nullo
913 4148 1009 4215 modo
1032 4147 1171 4214 dubitari

71 4251 200 4336 poterit.
245 4247 354 4332 Quum
383 4253 467 4318 enim
493 4251 579 4318 idem
608 4261 721 4318 auctor
750 4278 789 4319 ex
818 4254 880 4322 alio
909 4252 1048 4340 quodam
1072 4253 1171 4332 fonte,
