2780 5092
782 540 840 607 rra

342 707 436 781 Dicit
459 731 575 789 autem
591 727 738 800 interpres
752 707 803 775 ille
817 711 850 774 in
865 709 1124 798 Cosmographia
1141 735 1173 797 p.
1186 714 1256 795 464,
1268 739 1293 778 v.
1306 717 1336 782 6:

260 818 348 905 ,Nos
371 819 487 908 itaque
511 829 544 889 in
568 818 717 902 aliquibus
732 815 874 900 epistolis
889 816 1083 880 mentionem
1097 815 1340 901 philosophorum

260 932 292 992 et
314 947 428 991 eorum
449 929 591 993 laborum
614 918 853 1002 studiorumque
875 918 1024 995 fecimusr
1047 916 1203 985 Hiaroam
1219 919 1339 1004 [induxi-

263 1032 346 1115 mus]
376 1031 409 1093 in
436 1027 544 1092 sabulo
574 1020 744 1086 cathedrae
765 1021 957 1090 insidentem
980 1044 1094 1089 aureae
1123 1021 1165 1086 ad
1195 1023 1342 1089 meridiem

266 1137 359 1206 maris
384 1127 506 1204 oceani,
543 1124 759 1210 disputantem
792 1148 865 1191 oum
894 1125 1058 1214 discipulis
1087 1126 1153 1191 suis
1182 1126 1222 1192 de
1248 1150 1345 1192 mensa

267 1240 339 1308 solis
366 1241 396 1297 et
421 1234 579 1290 astrorum
609 1227 810 1314 siderumque
840 1229 1055 1295 differentia.“
1111 1229 1266 1317 Intelligit
1288 1231 1345 1315 epi-

267 1341 371 1411 stolam
393 1328 432 1392 ad
446 1327 629 1414 Paulinum,
643 1329 694 1396 de
715 1332 823 1398 studio
839 1331 1078 1418 scripturarum
1089 1335 1158 1415 ³⁴⁰),
1182 1357 1262 1398 anno
1280 1335 1346 1402 396.

267 1434 484 1514 conscriptam
515 1432 550 1496 in
573 1458 611 1500 ea
634 1434 718 1500 enim
739 1436 875 1523 legimus
896 1436 991 1501 haec:
1028 1437 1172 1520 „Habuit
1193 1437 1248 1501 illa
1270 1444 1347 1500 aetas

266 1533 453 1632 „inauditum
476 1536 626 1604 omnibus
648 1538 783 1604 saeculis
798 1538 1085 1625 celebrandumque
1099 1539 1298 1621 miraculum,
1317 1547 1350 1602 ut

262 1641 384 1730 ,urbem
406 1644 533 1704 tantam
557 1641 642 1724 (scil.
665 1639 819 1724 Romam)
845 1642 981 1726 egressi,
1011 1641 1097 1706 aliud
1126 1649 1218 1705 extra
1246 1642 1349 1706 urbem
1387 1698 1389 1709 .

159 1743 162 1759 “
261 1749 473 1833 „quaererent
508 1743 756 1828 Apollonius-
778 1741 845 1809 sive
866 1743 920 1809 ille
941 1765 1054 1832 magus
1076 1752 1112 1808 ut
1134 1731 1232 1831 vulgo
1253 1745 1352 1828 loqui-

260 1857 345 1933 pur,
374 1845 442 1911 sive
471 1845 681 1931 philosophus
709 1854 746 1911 ut
766 1846 978 1933 Pythagorici
1002 1845 1135 1911 tradunt
1157 1885 1198 1926 ε
1226 1847 1353 1912 intravit

258 1951 411 2038 „Persas¹
426 1949 634 2036 pertransivit
655 1948 847 2032 Caucasum,
870 1947 1025 2031 Albanos,
1055 1948 1206 2037 Scythas,
1229 1949 1353 2015 Massa-

257 2061 379 2142 ,g'etes,
398 2052 640 2141 opulentissima
660 2051 772 2119 Indiae
793 2073 893 2139 regna
915 2053 1110 2138 penetravit:
1134 2060 1166 2116 et
1188 2053 1355 2118 adextm·

255 2181 362 2240 „mum
383 2156 517 2241 Physon
546 2176 636 2217 amne
662 2153 865 2237 transmisso,
886 2154 1042 2239 'pervenit
1064 2152 1107 2219 ad
1126 2154 1358 2235 Brachmanae,

255 2269 316 2344 „ut
338 2259 527 2324 Hiarcam
548 2257 588 2320 in
610 2255 752 2320 throno
776 2255 980 2320 sedentem
1007 2278 1126 2321 aureo
1149 2265 1182 2320 et
1206 2255 1249 2321 de
1271 2258 1355 2323 Tan-

254 2361 331 2446 ,tali
358 2359 469 2424 fonte
497 2365 701 2444 potantem
730 2357 837 2422 inter
870 2374 1018 2443 paucos
1048 2358 1285 2444 discipulos
1316 2360 1357 2424 de

254 2472 436 2548 ,n'atura,
459 2460 505 2536 de
533 2459 726 2542 motibus,
760 2483 804 2526 ac
833 2460 1018 2547 syderum
1048 2484 1167 2527 cursu
1197 2462 1358 2528 audiret

255 2568 500 2651 „docentemz
516 2563 590 2628 inde
603 2588 663 2656 per
677 2563 845 2647 Elamitas,
856 2563 1065 2652 Babylonios,
1077 2563 1276 2648 Chaldaeos,
1292 2566 1360 2630 Me

255 2670 345 2753 „dos,
361 2669 524 2754 Assyrios,
539 2667 690 2750 Parthos,
706 2657 818 2754 Syros,
834 2666 971 2750 Arabes,
985 2668 1186 2739 Palaestinos
1213 2689 1362 2735 reversus

237 2770 521 2854 ,Alexandriam
549 2771 691 2857 perrexit
713 2769 919 2854 Aethiopiam
943 2778 979 2833 ut
1002 2768 1305 2858 Gymnosophistas
1329 2781 1362 2837 et

253 2872 704 2957 „famosissimamSolis
726 2891 895 2936 mensam
916 2860 1080 2937 videret
1101 2873 1140 2937 in
1163 2877 1355 2943 sabulo“.

275 3035 278 3041 .
339 2975 465 3042 Deinde
492 2978 525 3041 in
549 2974 803 3062 Cosmographia
824 2969 934 3036 Ethici
958 2974 1050 3062 (pag.
1067 2974 1144 3056 492,
1166 2999 1200 3040 v.
1215 2981 1249 3046 2.
1273 2981 1364 3065 sqq.)

251 3081 406 3165 scriptum
427 3081 621 3145 invenimus:
646 3078 722 3164 „qui
738 3076 825 3163 [he.
841 3074 1053 3142 Macedonius
1069 3077 1168 3142 etalii
1183 3077 1366 3165 haeretici]

250 3178 629 3267 scripserunt'nonnulla
651 3180 775 3245 inutilia
802 3188 835 3244 et
860 3180 991 3261 nociva,
1021 3201 1103 3265 quae
1124 3193 1290 3270 mergunt
1312 3188 1367 3250 ho·

250 3285 367 3349 minem
388 3285 422 3348 in
443 3286 606 3351 interitum
629 3291 661 3347 et
682 3282 904 3367 perditionem.
938 3281 1036 3348 Unde
1056 3283 1097 3348 ad
1115 3295 1244 3352 memet
1261 3288 1369 3374 ipsum

248 3388 353 3455 refero
374 3389 465 3472 quia,
488 3388 549 3453 nisi
571 3385 733 3480 D⁰1¹¹i¹¹u⁵„
751 3376 1016 3468 adiuvisset‘me,
1039 3387 1254 3474 paulominus
1278 3392 1366 3456 habi-

248 3499 349 3556 tasset
363 3493 395 3555 in
410 3492 533 3557 inferno
548 3487 652 3553 anima
665 3491 768 3553 mea‘t
797 3487 843 3554 Et
857 3489 878 3554 l.
891 3511 918 3553 c.
926 3511 958 3574 p.
972 3484 1049 3572 501,
1059 3512 1092 3577 p.
1103 3488 1210 3558 mede
1233 3494 1368 3579 „Non-

246 3591 373 3656 nullis
409 3584 600 3659 nootibus
634 3583 694 3655 ao
717 3589 859 3658 diebus
893 3595 1104 3678 aegrotavi
1141 3617 1283 3682 usque
1319 3595 1366 3661 ad

247 3701 428 3776 mortem,
451 3704 490 3759 et
511 3694 795 3781 permolestum
817 3704 904 3760 erat
925 3692 1020 3759 mihi
1043 3694 1211 3765 divinae
1228 3711 1284 3767 et
1309 3723 1369 3766 sa·

248 3818 339 3863 crae
361 3797 593 3884 scripturae
615 3798 761 3882 locum,
783 3819 1011 3883 usquequaque
1031 3800 1149 3866 omissa
1171 3824 1284 3870 sacra
1307 3805 1368 3868 elo·

247 3901 438 3994 quiequam
463 3923 482 3966 a
504 3924 555 3966 me
576 3902 661 3968 fures
683 3901 866 3987 rapiebant,
895 3909 934 3967 et
962 3924 1019 3967 me
1047 3904 1273 3988 captivum
1299 3908 1370 3972 du·

246 4004 420 4093 xissept,
442 4004 476 4072 si
498 4005 630 4072 virtus
654 4003 890 4071 divina'non
912 4002 1151 4070 adfuissem

244 4160 444 4172 Ἢ-

272 4262 274 4265 ·
312 4249 386 4384 2ὃέἑῦ
414 4254 459 4304 cfr.
484 4257 631 4319 Hieronymi
657 4253 743 4319 Opera
765 4255 804 4304 ed.
825 4252 977 4316 vallarsius,
1002 4259 1063 4304 tom.
1083 4255 1109 4318 1,
1133 4255 1303 4320 Epistulam
1332 4255 1373 4310 5³.

241 4348 299 4398 1)stss-
365 4337 407 4384 ·Β·
936 4369 938 4374 ’
1190 4381 1193 4384 -
