2800 5088
641 501 683 568 95

201 673 251 740 12.
297 671 470 738 Ioannes
499 671 620 739 Picus
647 671 850 738 Mirandulae
873 673 1136 762 Coneordiaeque
1160 699 1214 743 oo·

120 798 176 843 mes
203 776 449 862 (†1494.)=²⁴⁴)‚
471 774 646 864 Rogerium
668 776 832 842 Baoouem
854 779 1030 865 castigans,
1055 831 1107 864 ,..
1120 781 1213 865 adeo,

119 881 232 966 inquit,
259 889 298 946 ut
325 878 484 967 Rogerius
512 881 642 964 Baeon,
669 901 806 968 magnus
835 880 1026 966 astrologiae
1048 893 1214 969 patronus,

118 987 227 1052 nullius
243 984 394 1051 libentius
412 984 578 1069 scriptoris
596 984 787 1051 testimoniis
803 991 913 1050 utatur
995 982 1050 1051 Sie
1065 1009 1215 1074 magnam

117 1112 239 1174 quoque
252 1089 305 1154 ille
327 1089 423 1154 fidem
445 1088 578 1174 praebet
592 1088 711 1154 Ethico
733 1085 937 1175 philosopho,
960 1085 1050 1152 ouius
1072 1088 1154 1154 liber
1175 1091 1215 1156 de

119 1190 368 1280 Cosmographia
390 1191 563 1256 translatus
586 1191 704 1257 dieitur
725 1191 766 1256 ab
781 1191 991 1276 Hieronymo.
1024 1189 1087 1254 Est
1108 1199 1216 1256 autem

115 1297 207 1361 leotio
231 1294 312 1359 adeo
335 1292 511 1358 deridicula
531 1294 675 1359 utnulla
695 1294 816 1381 magis,
839 1293 897 1358 sed
917 1293 1100 1375 frequenter
1118 1295 1217 1360 citata

117 1397 288 1486 aRogerio
310 1405 421 1461 nostro
442 1395 474 1460 iu
488 1394 636 1479 Epistola
656 1395 698 1460 ad
714 1395 922 1478 Clementem,
945 1395 993 1459 ita
1012 1404 1050 1460 ut
1071 1397 1138 1461 fere
1160 1397 1218 1462 ad·

115 1502 211 1566 ducat
233 1499 445 1587 compositum
467 1498 508 1564 ab
531 1521 570 1564 eo
592 1498 733 1564 libellum
764 1497 923 1585 quendum
947 1497 999 1562 cui
1020 1499 1132 1566 titulus
1155 1499 1216 1583 „de

115 1604 272 1669 erroribus
302 1602 498 1669 studentium
520 1600 734 1689 theologiae“.
781 1602 857 1685 Quo
879 1601 1034 1686 imprimis
1055 1603 1215 1669 volumine

112 1708 226 1773 erroris
256 1715 442 1788 accusatur,
472 1704 560 1790 quod
587 1704 730 1794 theologi
756 1707 857 1772 nostri
879 1705 1032 1791 mysteria
1052 1706 1215 1792 religionis

111 1811 214 1897 magis
230 1832 270 1874 ex
284 1808 460 1874 Aristotele
478 1807 674 1892 eaeterisque
689 1808 889 1895 philosophis
905 1809 1103 1892 confirment,
1119 1832 1214 1893 quam

110 1937 151 1978 ex
174 1912 364 1978 authoribus
386 1933 466 1995 quos
487 1910 583 1976 modo
606 1910 856 1994 nominavimus,
885 1911 1022 1994 Ethieo,
1044 1912 1214 1998 Artephio,

22 2016 33 2157 y
111 2014 232 2082 Ovidio
256 2015 297 2081 de
318 2015 437 2097 vetula,
458 2015 627 2100 postisque
650 2013 837 2080 similibus“.
862 2025 923 2080 eto.

21 2273 24 2309 3
197 2221 263 2288 13.
295 2218 427 2286 Iosias
456 2218 604 2288 Simler
628 2220 661 2284 in
685 2220 857 2307 „Epitome
879 2219 1104 2288 Bibliothecae
1127 2218 1214 2288 Con·

102 2323 176 2388 radi
192 2321 351 2388 Gesneri“
366 2324 422 2405 ²⁴⁵)
437 2323 493 2388 fol.
510 2323 578 2390 48¹.
602 2322 642 2387 de
656 2323 776 2388 Ethieo
799 2323 912 2389 scribit
932 2324 1029 2391 haee:
1055 2324 1214 2408 „Ethious

100 2426 220 2492 Hister
250 2424 381 2509 quidam
407 2427 537 2508 scripsit
559 2425 772 2506 Antiquitatis
793 2425 943 2489 historias
966 2449 1047 2509 quae
1071 2429 1111 2492 ab
1134 2428 1215 2492 Hie-

97 2549 244 2616 ronymo
266 2529 301 2590 in
320 2527 475 2589 Latinum
498 2545 675 2588 sermonem
699 2521 861 2586 eGraeeo
885 2545 1057 2590 conversae
1080 2527 1214 2592 eredun-

97 2643 163 2698 tur.
221 2629 296 2694 Has
331 2628 448 2694 alicubi
474 2626 580 2692 Lilius
609 2623 709 2714 Greg.
740 2621 906 2714 Gyraldus
942 2627 1021 2693 citat
1047 2635 1213 2712 tamquam

93 2736 286 2804 extantes“.

185 2838 231 2903 In
256 2835 460 2902 Praefatioue
489 2835 531 2900 ad
552 2833 841 2901 Pseudo-Aethiei
870 2840 903 2896 et
923 2832 1089 2900 Itinerarii·
1106 2837 1212 2902 Auto-

89 2945 162 3008 nini
188 2940 369 3007 editionem
391 2940 476 3006 idem
493 2938 610 3006 Simler
628 2937 668 3002 de
684 2937 804 3001 Ethieo
818 2943 928 3000 nostro
942 2936 1109 3020 loquutus:
1135 2939 1212 3019 „Li-

85 3049 153 3114 lius
185 3043 379 3130 Gyraldus,
406 3043 527 3128 iuquit,
557 3041 589 3105 in
616 3041 699 3106 libro
728 3039 768 3103 de
797 3037 947 3126 Navigiis
977 3039 1056 3103 citat
1080 3037 1213 3105 Aethiei
1247 3099 1250 3106 .

13 3151 17 3218 l
86 3147 323 3234 Antiquitatis
344 3145 504 3226 historias,
528 3167 610 3228 quae
633 3144 673 3210 ab
692 3143 892 3229 Hieronymo
914 3143 948 3206 in
969 3141 1123 3208 Latinum
1146 3165 1212 3209 ser-

80 3274 230 3322 monem
257 3270 277 3311 e
300 3245 429 3311 Graeco
452 3269 624 3312 conversae
646 3246 829 3312 ereduntur.
871 3247 981 3312 Audio
1004 3247 1101 3312 etiam
1124 3247 1211 3334 apud

82 3358 139 3424 Ol.
165 3353 216 3420 V.
240 3349 285 3413 P.
308 3348 477 3413 Danielem
505 3351 767 3416 Aurelianensem
797 3358 907 3416 extare
935 3348 1067 3414 Aetbiei
1094 3349 1210 3416 librum

77 3465 146 3528 hao
181 3452 422 3539 inscriptione:
463 3451 555 3533 „Ine
587 3452 667 3519 liber
696 3453 827 3520 Aethioi
856 3451 1078 3540 philosophico
1106 3451 1210 3517 editus

78 3563 240 3644 oracu10,
269 3579 292 3622 a
306 3555 506 3640 Hieronymo
529 3553 717 3640 presbytero
740 3558 913 3624 translatus
935 3557 968 3621 in
983 3555 1147 3639 Latinum,
1170 3578 1210 3622 ex

75 3659 365 3753 Cosmographia
387 3667 420 3724 et
441 3657 554 3724 mundi
575 3657 764 3743 seriptura“.
805 3661 859 3728 De
882 3683 920 3728 eo
943 3661 1040 3726 etiam
1062 3659 1109 3726 sio
1131 3659 1210 3724 seri·

72 3803 307 3824 Μ

149 3879 234 3944 244)
259 3877 313 3928 cfr.
331 3878 369 3926 Io.
387 3876 442 3926 Piei
460 3874 617 3924 Mirandulae
637 3872 845 3938 concordiaeque
864 3876 984 3938 Comitis3
1003 3845 1065 3924 iteni
1082 3881 1152 3923 tomo
1170 3889 1209 3924 se-

68 3975 163 4024 eundo
183 3964 311 4022 Ioannis
329 3963 457 4012 haneisei
474 3961 528 4010 Piei
545 3960 678 4024 Principis,
698 3974 730 4010 ex
748 3961 838 4012 eadem
855 3963 945 4012 illustri
963 3961 1084 4026 prosapia
1101 3961 1208 4022 oriundi,

66 4059 163 4125 Opera
190 4068 272 4120 quae
301 4056 392 4100 extant
412 4050 505 4098 omnia.
542 4047 628 4097 Editio
649 4047 746 4096 ultima
782 4049 899 4098 Basileae
922 4063 969 4113 per
986 4048 1085 4099 sebast.
1104 4047 1208 4098 Hemin-

62 4155 177 4210 petrum
202 4137 297 4192 1601.
319 4150 401 4185 mens.
419 4133 548 4198 Septemb.
575 4135 603 4184 in
620 4133 665 4184 iol.
692 4139 753 4183 torn.
766 4135 787 4197 1,
806 4143 864 4199 psg.
876 4133 936 4184 284.

140 4227 224 4291 245)
248 4225 382 4290 Epitome
399 4222 573 4272 Bibliothecae
586 4220 700 4271 Conradi
712 4220 827 4284 sesnes,
845 4222 999 4287 locupletata
1016 4237 1062 4287 per
1078 4222 1128 4274 los.
1142 4221 1207 4273 Sim·

59 4320 150 4370 lerum
172 4312 360 4381 Tigurinum.
396 4309 484 4371 'ligeri
504 4307 579 4358 1555.
616 4309 644 4358 in
662 4307 707 4358 sol.
