2780 5092
751 771 781 853 s.
810 771 840 834 ι.

262 913 503 966 ALPHABETVM
528 895 797 963 GEAGOLITICVM
819 916 864 964 ET
887 913 1128 964 OYRILLIANVM
1155 913 1325 976 QVOMODO

453 1000 558 1050 INTER
581 999 620 1049 SE
647 997 885 1078 COHAEREAN'I'
908 999 1139 1049 EXPLICATVR.

335 1139 553 1226 Alphebetum
569 1137 805 1226 Glngolitionm'
824 1147 857 1204 et
872 1137 1058 1226 Cyrillizam
1077 1162 1117 1204 ex
1134 1139 1249 1206 eodem
1262 1141 1345 1204 fonte

247 1251 335 1310 o'rtes
363 1265 433 1308 esse
461 1243 718 1308 doctissimorum
746 1241 910 1308 hominum
939 1243 1104 1307 sententiis
1132 1244 1346 1311 confirmatur.

247 1347 372 1434 Magne
392 1345 466 1411 inde
489 1346 574 1410 acies
596 1347 679 1410 inter
702 1367 757 1410 eos
778 1345 925 1410 institute
947 1353 1006 1428 est,
1027 1367 1125 1429 quum
1151 1347 1267 1426 alii⁴⁸⁹l
1285 1342 1347 1430 Cy-

247 1451 417 1530 rillianum,
440 1449 556 1530 alii⁴⁹⁰)
573 1445 804 1534 Glagolitionm
827 1447 956 1512 alterins
977 1447 1120 1514 dicerent
1138 1448 1350 1534 archetypum

247 1553 353 1617 fixisse.
388 1551 434 1614 Et
450 1551 596 1636 profecto
613 1573 671 1634 pro
693 1551 755 1616 illis
772 1550 874 1614 multe
890 1573 1034 1636 pugnare
1051 1550 1256 1632 videbantur,
1278 1574 1351 1616 nem

247 1663 335 1720 certo
363 1654 480 1717 certius
503 1661 566 1734 est,
596 1651 800 1736 alphabetum
817 1649 1006 1736 Cyrillioum
1032 1653 1221 1720 sunosio.
1250 1653 1353 1717 indie·

247 1757 334 1821 tione
347 1754 474 1837 111.⁴⁹1)
498 1777 517 1818 a
539 1752 751 1819 Constantino
772 1753 1044 1839 Philosopho⁴⁹²l
1069 1756 1124 1839 qui
1144 1754 1264 1820 deinde
1288 1754 1354 1841 Gy-

246 1860 337 1924 rillus
358 1856 549 1943 appelletur,
570 1856 842 1938 inventnmesse,
864 1856 922 1922 sed
944 1857 1024 1923 nihil
1045 1866 1159 1924 eontra
1183 1857 1354 1924 videbatur

156 2009 158 2014 .
248 1963 288 2028 de
312 1959 518 2048 Glagolitiois
540 1959 684 2046 apicibus
706 1968 862 2026 constare.

337 2062 431 2145 Quae
453 2085 551 2147 quum
572 2062 781 2127 intellexisset
801 2062 850 2124 vir
867 2063 1091 2148 sagacissimus
1105 2063 1270 2149 Iosephus
1289 2065 1357 2130 Do·

249 2165 399 2249 browsky
413 2162 678 2250 Glagolitiearum
695 2164 873 2228 litterarum
889 2173 1063 2245 auctorem,
1081 2187 1178 2249 quem
1194 2167 1358 2233 ineertum

247 2275 344 2332 vocat
359 2265 555 2345 Bellantem,
567 2263 771 2349 alphabetum
783 2263 971 2350 Oyrillioum
986 2267 1154 2351 antiquum
1172 2271 1308 2336 nonnisi
1327 2273 1357 2336 in

247 2367 472 2454 compendium
493 2366 656 2454 redegisse
678 2367 902 2450 contendebat,
922 2371 1055 2434 retentis
1077 2370 1213 2455 quidem
1235 2374 1359 2440 littere-

247 2497 318 2538 rum
340 2467 532 2553 nominibus,
554 2468 613 2534 sed
634 2470 783 2536 ductibus
804 2493 864 2559 pro
884 2472 1012 2558 ingenio
1035 2495 1093 2538 suo
1113 2475 1270 2542 formetis
1293 2486 1359 2542 eta

248 2578 390 2664 priorum
412 2575 516 2639 forme
538 2571 631 2638 valde
653 2572 786 2638 diversis
797 2576 868 2657 498).
907 2573 974 2640 Sed
996 2576 1060 2660 ille,
1083 2600 1147 2661 quo
1173 2590 1249 2644 erat
1272 2582 1359 2668 inge·

247 2681 296 2746 nii
313 2678 469 2759 acumine,
491 2683 524 2742 et
545 2675 710 2763 pugnandi
731 2676 845 2742 ardore
867 2678 960 2742 simul
974 2679 1114 2762 inflatus,
1129 2685 1241 2768 megis
1257 2683 1361 2748 indies

248 2790 343 2866 atque
366 2781 469 2865 magis
490 2778 607 2844 infesto
631 2779 737 2844 animo
754 2779 907 2846 adversus
922 2778 1120 2868 Glegolitioa
1135 2787 1361 2867 surrexit⁴⁹⁴).

317 3040 385 3103 489)
405 3049 463 3094 ante
481 3043 544 3092 alios
563 3045 619 3092 vide
637 3025 808 3106 Dobrom'um,
830 3045 949 3093 Instituit.
967 3045 1027 3108 ling.
1046 3044 1136 3112 Slevie.
1158 3044 1181 3104 ξ.
1202 3048 1237 3096 V.
1259 3065 1323 3112 pag.
1343 3051 1364 3098 5.

248 3161 282 3168 -
301 3129 452 3190 Glagolitioa
468 3141 527 3191 pag.
540 3127 582 3177 84.
602 3159 636 3168 -
655 3129 739 3179 Slevin
757 3145 814 3192 pag.
828 3127 888 3178 489.
902 3145 939 3192 sq.

319 3211 387 3274 499)
406 3213 560 3263 Grubissieh.
580 3215 595 3263 l.
609 3229 631 3264 o.
649 3229 707 3278 pag.
722 3213 763 3262 74.
783 3213 824 3262 75.
844 3245 878 3254 --
895 3215 1003 3266 Dobner
1019 3218 1035 3265 l.
1049 3232 1070 3266 o.
1089 3217 1196 3280 p.102.
1218 3221 1268 3269 efr.
1291 3223 1366 3270 etiem

247 3301 354 3350 Linhart
370 3299 387 3349 l.
401 3315 422 3348 o.
442 3297 795 3362 tom.11,pag.eea÷356.
815 3329 849 3338 η-
867 3301 944 3362 Kohl,
962 3302 979 3350 l.
992 3317 1014 3352 c.
1033 3317 1088 3366 oep.
1101 3304 1135 3352 11.
1156 3303 1181 3364 ἓ.
1198 3304 1225 3356 3.
1245 3323 1311 3372 pag.
1326 3306 1365 3358 89.

247 3394 300 3436 not.
324 3418 353 3424 -
371 3385 493 3446 Niebuhr,
511 3385 635 3448 Vortrtge
653 3384 715 3432 iiber
732 3385 782 3433 alte
800 3385 913 3434 L'e'nder-
933 3403 956 3435 ιι.
969 3387 1155 3439 Vblkerkunde
1176 3400 1231 3442 eto.
1252 3409 1281 3458 p.
1297 3392 1354 3444 996.

317 3469 387 3531 491)
407 3472 451 3521 cfr.
470 3471 630 3532 Dobrowsky
649 3468 745 3532 „Cyrill
762 3486 787 3519 u.
806 3471 937 3521 Method.“
956 3503 991 3511 -—
1009 3475 1125 3538 Kopiter,
1148 3477 1292 3542 Glegolita
1309 3479 1366 3530 Clo·

248 3557 334 3604 zienne
352 3556 458 3617 praefat.
476 3571 534 3620 pag.
546 3556 642 3604 XXXI.
656 3562 708 3604 not.
722 3555 747 3604 2.

318 3637 387 3700 492)
411 3641 456 3689 cfr.
479 3641 587 3704 Epistol.
610 3641 713 3692 Ioannis
731 3641 801 3692 VIII.
823 3657 904 3705 papae
927 3644 959 3691 ad
982 3643 1219 3709 sfentopulehsnm
1245 3651 1364 3700 comitem

248 3740 315 3784 enno
333 3722 393 3773 880.
412 3725 518 3775 editam:
538 3723 656 3790 (Epistol.
670 3729 818 3778 Deeratnlee
836 3735 883 3777 oto.
897 3728 946 3789 III,
963 3745 1021 3794 pag.
1034 3729 1095 3780 lta
1113 3748 1176 3784 nro.
1193 3730 1366 3792 CCXLVII)

249 3812 373 3872 „Litteras
391 3810 500 3873 deniqne
513 3809 673 3864 sclavonicae
691 3830 707 3863 a
725 3813 893 3864 Constantino
911 3817 1040 3877 qnondam
1051 3817 1223 3884 Philosopho
1243 3829 1366 3887 repertas,

186 3911 189 3918 ·
249 3899 339 3962 qnibne
356 3897 415 3948 Deo
436 3897 524 3948 landes
547 3899 646 3950 debitae
668 3907 799 3962 resonent,
822 3901 877 3951 inre
898 3900 1057 3958 lendemne“.
1073 3933 1114 3944 --
1137 3907 1191 3956 cfr.
1214 3911 1297 3960 etiem
1314 3908 1368 3958 Do·

249 3985 365 4046 broweky
383 3982 480 4047 „Cyrill
498 4000 522 4034 u.
540 3985 662 4038 Method“
682 3994 728 4036 ete.
747 4001 805 4050 pag.
820 3986 861 4036 35.
880 3985 902 4046 ξ.
916 3987 946 4048 53
965 3986 987 4046 5.
1001 3987 1024 4034 7.
1044 3982 1080 4048 (p.
1094 3985 1138 4036 39.
1154 3991 1236 4056 sqq.)
1257 4003 1308 4046 ete.

317 4065 385 4129 493)
406 4070 450 4120 efr.
474 4072 648 4138 Dobrowsky‚
670 4074 790 4124 Instituta
809 4073 869 4134 ling.
889 4071 979 4122 Slavio.
998 4069 1020 4130 4.
1034 4072 1065 4122 V.
1084 4087 1147 4135 pag.
1163 4076 1192 4128 5,
1216 4110 1254 4120 ..
1276 4080 1369 4141 Gugo.

248 4154 316 4204 litiae
333 4171 391 4218 pag.
405 4155 446 4206 36.
466 4163 513 4206 eto.

317 4236 385 4296 494)
404 4241 469 4290 Vide
488 4242 591 4304 Hauptii
612 4244 643 4290 de
661 4242 792 4292 Dobrovio
810 4243 931 4292 iudicium
949 4242 965 4290 l.
979 4257 1001 4290 o.
1020 4257 1077 4306 pag.
1093 4242 1135 4293 10.
1162 4246 1209 4298 11.
