2780 5092
775 502 838 570 148

232 643 237 650 Ι
257 688 355 762 ,tum,
378 679 406 743 si
421 678 587 766 gentilium
600 678 776 744 litterarum
792 677 891 743 libros
905 677 1078 761 aliquando
1092 678 1249 764 legissem.
1276 678 1340 766 Ego

256 783 331 867 ,qui
353 783 385 845 in
408 790 499 846 tanto
521 783 713 847 constrictus
736 781 869 846 articulo
884 780 998 846 vellem
1020 782 1116 846 etiam
1138 780 1260 847 maiora
1278 805 1342 866 pro-

256 887 421 970 „mittere,
450 883 593 950 deierare
622 885 715 970 coepi
743 893 775 950 et
803 906 918 950 nomen
947 883 1016 949 eius
1044 885 1208 950 obtestans
1231 884 1339 950 dicere:

255 987 448 1071 „Domina
469 987 498 1052 si
516 1009 668 1072 umquam
682 987 823 1054 habue'ro
838 986 967 1053 codices
982 987 1172 1071 saeculares,
1193 987 1223 1054 si
1236 989 1344 1076 legero,

255 1099 308 1175 ,te
330 1091 499 1178 negavi““.
534 1091 593 1173 „Iu
614 1089 695 1156 haec
715 1091 908 1156 sacramenti
926 1088 1024 1156 verba
1039 1089 1344 1156 dimissus-revertor

255 1194 317 1278 „ad
340 1217 487 1279 superos3
516 1202 549 1258 et
569 1194 759 1260 mirantibus
781 1194 907 1259 cunctis
930 1193 1040 1259 oculos
1063 1193 1173 1279 aperio
1195 1195 1345 1258 tantula

255 1319 457 1384 „crymarum
485 1296 587 1362 imbre
616 1298 779 1384 perfusos,
806 1305 844 1362 ut
872 1296 969 1362 etiam
996 1296 1167 1362 incredulis
1189 1296 1285 1362 fidem
1304 1296 1346 1360 fa-

255 1423 380 1484 „cerem
408 1423 448 1466 ex
477 1399 595 1466 dolore.
646 1399 719 1466 Nec
746 1421 822 1466 varo
853 1421 949 1485 sopor
976 1400 1029 1464 ille
1055 1399 1160 1464 firmat
1191 1407 1248 1464 aut
1274 1421 1348 1464 vana

254 1505 413 1587 ,somnia,
436 1503 552 1588 quibus
575 1525 670 1588 saepe
692 1503 874 1569 diludimur.
915 1501 1022 1568 Testis
1044 1511 1094 1568 est
1115 1501 1256 1568 tribunal
1277 1499 1351 1566 illud

254 1615 347 1688 ,ante
370 1603 455 1688 quod
476 1606 572 1687 iacui,
594 1607 686 1670 testis
707 1605 861 1668 iudicium
877 1603 970 1668 triste
982 1604 1069 1686 quod
1082 1604 1189 1668 timui:
1214 1604 1262 1668 ita
1276 1603 1351 1667 mihi

253 1728 445 1789 „numquam
467 1707 633 1793 contingat
653 1707 687 1770 in
709 1707 806 1772 talem
820 1704 961 1770 incidere
976 1705 1203 1789 quaestionem.
1233 1705 1353 1772 Liven-

252 1818 321 1892 ,tes
341 1810 446 1875 fateor
466 1809 616 1874 habuisse
638 1833 690 1876 me
712 1809 872 1894 scapulas,
892 1809 1006 1894 plagas
1028 1808 1163 1876 sensisse
1177 1815 1254 1893 post
1271 1831 1353 1874 som-

253 1934 365 1996 „num,
397 1921 430 1976 et
459 1920 549 1976 tanto
579 1909 695 1977 dehinc
724 1912 832 1980 studio
862 1911 971 1978 divina
998 1912 1113 2000 legisse
1141 1919 1264 1997 quanto
1293 1934 1356 1978 nou

253 2023 347 2100 ,ante
368 2015 517 2081 mortalia
538 2015 709 2102 legeram“.

336 2135 452 2218 Neque
473 2132 524 2198 his
547 2133 648 2197 solum
671 2134 867 2220 argumentis
888 2134 1015 2198 utimur.
1052 2130 1141 2196 Nam
1162 2133 1194 2195 in
1216 2131 1358 2200 Cosmo-

249 2236 386 2324 graphia
408 2241 496 2321 (pag.
514 2237 589 2318 501,
612 2257 641 2299 a.
664 2236 732 2320 fin.)
756 2236 974 2323 Hieronymus
995 2243 1239 2321 praeceptorem
1262 2259 1356 2304 suum

249 2339 380 2404 Aelium
391 2327 558 2402 Donatum
575 2334 700 2403 laudat:
727 2338 896 2422 „Donatus
918 2339 997 2404 mihi
1017 2339 1101 2404 inter
1116 2340 1279 2406 maximos
1295 2343 1358 2428 pn·-

249 2463 320 2508 mus
346 2449 509 2527 praeerat,
540 2449 572 2506 et
599 2439 741 2528 Magnus
768 2442 802 2505 in
832 2441 1018 2528 euphonicis
1046 2441 1208 2526 versibus,
1240 2444 1358 2529 quibus

248 2567 299 2610 me
323 2543 378 2609 diu
399 2543 564 2610 laborasse
583 2544 755 2629 profiteor“
780 2551 842 2610 etc.

335 2663 427 2729 Idem
449 2663 561 2730 scribit
582 2685 657 2750 pag.
674 2665 750 2746 504,
765 2664 814 2730 ll:
902 2663 1161 2744 „characteribus
1183 2662 1363 2747 hebraicis,

248 2767 391 2854 graecis,
418 2767 542 2850 latinis,
572 2766 762 2849 chaldaicis,
792 2766 886 2852 syriis
915 2774 1011 2850 atque
1040 2767 1217 2852 aegyptiis,
1257 2791 1363 2852 quae

248 2869 366 2936 nobis
394 2893 440 2934 ex
467 2878 586 2956 parte
613 2870 747 2935 vicina
769 2870 896 2932 sunt“.
943 2865 1018 2950 Qua
1041 2889 1080 2930 ex
1102 2889 1138 2931 re
1160 2869 1365 2956 colligimus,

249 2972 524 3062 Cosmographiae
546 2973 768 3038 translatorem
790 2990 854 3053 qno
878 2976 1021 3054 tempore
1043 2991 1114 3034 earn
1135 2972 1312 3037 tractabat
1333 2975 1365 3037 in

249 3075 382 3141 Oriente
403 3083 565 3140 versatum
586 3077 699 3158 fliisse3
726 3073 943 3158 Hieronymus
970 3079 1077 3136 autem
1102 3069 1177 3136 inde
1200 3072 1248 3137 ab
1276 3097 1367 3142 anno

248 3177 325 3261 385,
347 3201 456 3243 mense
471 3179 633 3265 Augusto,
655 3197 755 3261 usque
778 3173 820 3239 ad
841 3183 977 3240 mortem
992 3196 1083 3241 suam
1101 3197 1130 3240 a.
1145 3175 1224 3242 420.
1243 3177 1284 3242 in
1300 3179 1365 3244 Pa-

248 3282 382 3348 laestina
406 3289 620 3346 commoratus
643 3288 700 3346 est.
754 3268 758 3278 ’
926 3291 929 3296 ’

338 3419 418 3508 Pag.
441 3421 524 3503 490,
558 3441 589 3502 p.
620 3415 702 3480 med.
731 3411 1007 3504 Cosmographiae
1035 3416 1192 3501 interpres
1225 3423 1364 3488 scribit:

251 3543 353 3603 ,quae
381 3522 473 3588 uobis
501 3519 638 3588 scrihere
666 3517 718 3584 vel
746 3519 853 3608 legere
881 3543 945 3584 non
972 3527 1021 3583 est
1045 3519 1180 3604 amplius
1204 3545 1366 3604 necesse;

250 3607 331 3706 quae
353 3645 411 3688 nos
434 3625 467 3688 in
488 3622 605 3690 nostris
621 3622 787 3689 codicibus
802 3621 1102 3688 commentavimusr
1126 3621 1165 3686 in
1180 3622 1368 3694 Brevia-

249 3725 308 3790 rio
337 3721 500 3790 scilieet
530 3735 671 3792 contra
698 3727 928 3792 haereticos
957 3724 1224 3796 detractores
1259 3733 1367 3797 male

249 3830 486 3894 latrantes“.
533 3828 631 3912 Quod
659 3829 788 3916 quidem
818 3852 899 3916 opus
923 3829 1007 3894 inter
1029 3827 1150 3916 scripta
1173 3829 1212 3900 S.
1241 3833 1371 3902 Hiero-

247 3933 336 4020 nymi
365 3931 460 3998 hodie
488 3956 552 4001 non
581 3940 683 4013 extat3
720 3932 855 4000 fortasse
884 3932 980 3998 etiam
1008 3954 1092 3998 nunc
1119 3933 1152 3996 in
1182 3937 1371 4006 codicibus

247 4037 472 4124 manuscriptis
495 4037 612 4106 alicubi
633 4038 720 4102 latet.

338 4177 367 4241 2.
413 4174 528 4260 Neque
556 4197 632 4242 vero
660 4175 714 4239 alii
739 4173 803 4239 loci
831 4195 890 4259 pro
919 4171 954 4238 S.
984 4170 1182 4260 Hieronymo
1217 4176 1374 4247 Cosmo-

248 4274 402 4360 graphiae
429 4276 540 4344 Ethici
565 4277 739 4362 interprete
766 4298 830 4344 non
858 4284 1021 4363 pugnant,
1048 4278 1166 4366 quippe
1195 4283 1268 4366 qui
1296 4307 1377 4351 cum
