2784 5106
608 448 629 517 3

158 626 210 695 12.
241 621 497 711 Cosmographie
519 607 692 690 d’hthious
711 622 856 690 traduito
876 645 959 711 pour
971 623 1005 690 la
1017 625 1176 710 premiere

65 730 128 795 fois
143 753 184 794 cn
194 727 349 810 Franpais
363 751 424 814 par
434 726 484 795 M.
492 726 533 794 L.
541 727 681 796 Baudet.
710 727 806 794 Paris
815 724 1176 796 &hurmannus

66 817 213 900 Editeur.
254 831 350 900 1843.
387 829 436 900 80.

522 1025 719 1033 ———--—.-

155 1247 231 1314 Iulii
256 1245 394 1314 Honorii
420 1243 570 1313 Oratoris
597 1245 763 1332 Excerpta
791 1243 947 1333 Lugduni
975 1245 1175 1313 Batavorum

68 1375 88 1416 a
101 1325 287 1417 *Gronoviis
309 1349 397 1416 edita
418 1358 494 1415 sunt
515 1371 590 1414 eum
612 1348 725 1436 Pomp.
745 1347 849 1430 Mela,
871 1349 1016 1416 Aethion
1035 1358 1097 1416 cot.
1121 1373 1176 1416 an-

66 1455 238 1523 nis1684.
264 1452 359 1521 1685.
387 1453 482 1520 1696.
509 1454 603 1520 1722.

156 1556 266 1624 Orosii
288 1556 468 1642 Tripertita
489 1554 679 1641 Descriptio
699 1552 818 1620 Mundi
846 1554 921 1620 inde
943 1577 963 1620 a
984 1556 1089 1643 prima
1109 1556 1174 1623 Ios.

66 1660 196 1729 Simleri
218 1660 357 1732 editione
373 1658 649 1748 Oosmographiac
662 1659 796 1724 Aethici
817 1659 878 1726 sub
899 1659 963 1726 hoc
977 1659 1072 1726 titulo
1088 1661 1175 1726 adic-

68 1775 123 1830 cta
145 1773 210 1831 estz
244 1765 341 1848 „Aha
362 1765 462 1830 totius
484 1762 583 1829 Orbis
605 1763 824 1849 Descriptio“.
870 1763 990 1830 Exstat
1012 1773 1119 1831 autem
1142 1764 1175 1830 in

68 1869 217 1933 omnibus
232 1867 271 1932 P.
287 1864 397 1932 Orosii
417 1865 625 1932 historiarum
647 1866 843 1934 editionibus
862 1868 897 1932 in
917 1867 991 1933 libri
1007 1869 1104 1953 primi
1126 1891 1176 1935 sc·

67 1971 174 2037 cundo
198 1970 314 2056 capite.
572 2023 574 2028 ,

154 2073 313 2142 Antonini
339 2071 543 2138 Itinerarium
571 2070 700 2159 saepius
730 2081 825 2138 antea
847 2073 987 2157 editum,
1016 2071 1058 2138 nd
1079 2071 1177 2138 libro-

65 2203 139 2244 rum
168 2177 460 2264 manuscriptorum
495 2176 592 2242 fidem
626 2197 748 2263 paucos
777 2183 851 2244 ante
880 2199 980 2243 annos
1009 2176 1177 2244 ediderunt

18 2345 22 2372 ‚
66 2281 144 2348 VV.
169 2279 231 2346 Cli.
254 2279 422 2346 Gustavus
444 2280 589 2367 Parthey
611 2290 645 2345 et
665 2277 842 2346 Mauritius
864 2281 985 2348 Pinder
1001 2283 1044 2364 ¹).

156 2385 306 2469 Denique
327 2383 440 2450 Ethici
466 2382 676 2465 Philosophi,
707 2405 803 2464 quem
830 2385 954 2466 ferunt,
982 2382 1176 2470 Cosmogra·

66 2488 190 2574 phium,
200 2497 373 2571 postquam
387 2507 447 2570 per
458 2481 700 2567 quatuordecim
711 2482 777 2548 iere
791 2485 920 2549 saecula
936 2485 1032 2550 latuit
1043 2485 1176 2551 D'Avc-
1274 2517 1281 2524 ·

68 2589 153 2656 zacii
168 2589 254 2654 curis
267 2611 370 2675 nuper
383 2586 630 2676 promulgatur,
643 2608 709 2652 uon
724 2587 791 2654 sine
803 2589 912 2653 fructu
923 2587 1164 2676 inspeximus2).

577 2789 613 2894 §-
632 2809 663 2876 2.

18 2947 19 2988 3
108 2953 307 3010 Avcronvu
327 2955 388 3019 QVI
405 2954 454 3006 DE
472 2952 629 3005 Annfflco
648 2953 885 3006 SCRIPSERVNT
901 2954 1141 3006 ENVMERATIO.

156 3089 220 3156 His
246 3089 346 3177 igitur
370 3087 523 3154 subsidiis
551 3087 702 3154 instructi
729 3098 858 3155 noctem
886 3087 973 3154 illam
1003 3096 1100 3175 atque
1127 3097 1175 3156 tc-

64 3193 203 3273 nebras,
230 3213 311 3274 quae
338 3189 504 3275 hucusque
536 3192 629 3278 quasi
655 3191 796 3259 Aethico
825 3193 948 3257 offusae
976 3201 1083 3278 erant,
1115 3218 1175 3281 pro

67 3292 157 3362 virili
179 3299 272 3378 parte
293 3292 411 3377 pellere
432 3295 539 3362 conati
559 3317 681 3380 sumus,
704 3295 732 3363 si
753 3296 836 3362 forte
857 3295 952 3362 nobis
972 3296 1007 3361 id
1024 3297 1175 3363 succede·

65 3405 121 3464 ret
142 3394 307 3482 perficere,
330 3395 418 3479 quod
437 3396 513 3462 inde
535 3399 575 3464 ab
598 3423 681 3465 auno
705 3400 790 3470 1575
809 3409 842 3466 et
856 3401 1057 3488 temporibus
1069 3399 1175 3466 Iosiac

67 3501 190 3572 Simler
215 3497 434 3584 nequidquam
463 3497 558 3564 multi
587 3513 803 3586 suscepertmt.
847 3505 911 3572 Est
940 3505 1025 3571 enim
1052 3527 1104 3571 res
1133 3505 1175 3572 ad

66 3601 279 3670 iudicandum
306 3626 383 3671 saue
412 3602 619 3686 difficillima,
648 3625 746 3689 quum
772 3607 812 3674 de
834 3618 966 3676 auctore
986 3609 1058 3697 ipso
1080 3616 1113 3674 et
1135 3609 1175 3673 de

68 3708 161 3794 libris
183 3707 251 3772 cius
274 3730 355 3793 quos
377 3706 605 3796 conscripserit
625 3713 693 3773 tam
715 3709 823 3776 variae
843 3735 883 3780 ao
906 3713 1051 3780 diversae
1072 3711 1175 3778 homi·

143 3920 175 3986 1)
194 3921 354 3975 Itineranum
372 3922 496 3972 Antonini
514 3910 624 3987 Augusti
643 3929 669 3972 et
686 3922 945 3988 Hierosolymitsnum
963 3939 996 3974 ax
1012 3921 1085 3972 libris
1099 3935 1175 3972 manu

71 4012 172 4075 seriptis
194 4011 328 4061 ediderunt
351 4008 383 4060 G.
400 4009 510 4074 Parthcy
533 4017 560 4060 at
580 4009 617 4060 Μ.
634 4009 737 4060 Pinder.
772 4009 887 4060 Barohni
908 4007 1034 4072 Impensis
1056 4005 1175 4060 Friderici

71 4097 177 4146 Nicolai.
206 4095 284 4147 1846.
311 4095 354 4145 8⁰.

143 4179 178 4242 2)
196 4184 273 4234 th
293 4185 324 4234 dc
342 4182 441 4234 l'Acad.
454 4183 500 4234 des
511 4183 678 4246 Inscriptions
690 4189 717 4234 nt
727 4181 934 4234 Behochettrea
957 4179 1088 4234 Promitte
1097 4179 1176 4242 sene,

71 4277 141 4320 tome
159 4267 194 4320 11.
222 4267 294 4320 Paris
313 4268 391 4322 1852.
421 4265 464 4322 ⁴⁰.
495 4267 725 4335 pag.455-551.

927 4349 943 4418 1
960 4348 976 4378 ὕ
