2784 5106
587 536 625 602 17

42 711 217 797 Excerpta
239 712 280 777 ab
303 733 461 797 anonymo
485 709 708 798 designantur,
738 709 792 776 ubi
822 712 929 795 paullo
950 723 1025 800 post
1049 715 1156 799 „hic,

42 815 170 900 inquit,
198 814 300 880 liber
321 813 619 901 Excerptorum
649 814 689 878 ab
713 799 860 899 Sphaera
886 839 926 880 ne
954 822 1154 904 separetur“=

43 919 165 1003 quibus
192 941 232 984 ex
253 917 359 984 verbis
381 917 456 984 Iulii
470 917 615 990 'Honorii
638 915 927 1004 Cosmographiam
951 918 1154 1005 ,Sphaerae“

39 1044 164 1086 nomen
184 1022 372 1109 praetulisse
394 1021 609 1110 intelligimus.

137 1123 247 1206 Quare
263 1125 499 1211 Excerptorum
524 1133 636 1191 auctor
656 1122 766 1190 verbis
788 1122 889 1206 „haec
912 1124 995 1188 ratio
1011 1124 1053 1189 a'd
1070 1146 1157 1191 oom-

40 1227 167 1313 pendia
188 1229 253 1292 ista
268 1227 439 1309 deducta“,
465 1227 537 1310 „hio
558 1229 639 1294 liber
662 1231 919 1312 excerptorum“,
944 1228 1157 1315 „compendia

43 1353 132 1413 quae
154 1329 358 1415 infrascripta
379 1329 536 1412 videbis“,
559 1328 695 1412 denique
720 1338 877 1413 ,quatuor
894 1340 1088 1396 oceano'rum
1106 1356 1156 1396 ra-

41 1432 115 1496 tio“
138 1431 224 1496 idern
247 1431 508 1498 circumscribere
529 1430 666 1497 videtur.
703 1429 778 1497 Hoc
800 1439 907 1497 autern
930 1453 969 1497 ea
990 1455 1031 1498 ex
1053 1457 1087 1499 re
1108 1435 1157 1499 fa-

40 1543 135 1600 ctum
158 1543 218 1618 est,
240 1543 277 1600 ut
298 1535 362 1600 hac
382 1536 454 1620 ipsa
475 1535 645 1601 verborum
668 1535 836 1620 iteratione
859 1558 897 1601 eo
916 1535 1020 1623 magis
1034 1536 1156 1603 librarii

39 1637 294 1723 deterrerentur,
316 1661 357 1704 ne
380 1660 400 1703 a
416 1636 672 1728 Cosmographia
685 1638 761 1704 Iulii
775 1631 913 1704 Honorii
927 1636 1075 1706 Oratoris
1091 1640 1156 1708 dis·

39 1742 145 1827 cipuli
168 1750 321 1830 excerpta
342 1765 494 1828 nmquam
516 1749 711 1830 separarent.
747 1740 888 1810 Causam
906 1751 1012 1808 autem
1028 1765 1085 1808 cur
1100 1767 1154 1810 ex-

39 1853 160 1930 cerpta
182 1868 241 1910 sua
263 1869 283 1910 a
304 1846 451 1934 magistri
471 1846 555 1912 libro
577 1846 672 1912 avelli
693 1847 796 1912 noluit
822 1847 892 1931 ipse
915 1847 1070 1932 exposuit.
1117 1848 1154 1916 Si

39 1949 131 2014 enim
154 1949 368 2033 posteriorum
391 1957 570 2035 temporum
592 1949 713 2016 librarii
735 1952 828 2037 lapsu
850 1951 965 2014 calami
987 1959 1155 2036 excerpto·

37 2075 115 2118 rum
138 2051 286 2128 numeros
308 2053 391 2117 forte
413 2052 661 2118 immutaverunt
680 2093 721 2102 -
745 2054 779 2119 id
803 2053 890 2139 quod
911 2051 1005 2117 facile
1027 2061 1155 2138 poterat

38 2153 192 2220 accidere
210 2193 252 2202 —
274 2150 343 2220 tu'm
366 2177 407 2220 ex
423 2153 680 2244 Cosmographia
701 2155 911 2222 antecedente
932 2156 1069 2221 lectores
1091 2157 1155 2242 ipsi

37 2259 122 2322 vitia
144 2258 200 2324 illa
221 2259 390 2324 emendare
412 2267 570 2345 poterant.
617 2257 739 2326 Contra
761 2260 789 2326 si
811 2258 938 2346 in'ipsa
958 2255 1153 2348 Cosmogra·

37 2361 121 2446 phia
142 2362 289 2444 marium,
311 2363 485 2428 insularum
505 2372 566 2427 cet.
590 2363 719 2428 nomina
741 2365 860 2430 omissa
877 2369 979 2444 erant,
1002 2361 1153 2449 discipuli

38 2465 205 2550 excerptis
228 2486 301 2530 cum
322 2464 405 2528 libro
426 2463 502 2526 Iulii
524 2461 674 2526 Oratoris
697 2465 907 2544 comparatis,
937 2485 976 2526 ex
1003 2464 1066 2527 illis
1089 2467 1153 2528 sin-

38 2569 122 2653 gula
144 2566 286 2650 suppleri
308 2571 468 2649 poterant.
512 2560 588 2626 Hoc
610 2561 709 2648 igitur
731 2561 817 2634 dicit.
831 2569 943 2647 auctor
966 2583 1153 2650 anonymus,

38 2691 144 2755 quare
173 2667 279 2732 minus
308 2674 396 2732 recte
423 2667 529 2731 locum
558 2663 646 2729 illum
669 2664 898 2732 D’Avezacius
925 2665 1153 2756 interpretatus

37 2781 93 2840 est
114 2772 136 2837 l.
160 2792 187 2836 o.
211 2771 378 2858 pag.317.
414 2817 423 2834 .

130 2875 206 2942 Iulii
220 2875 358 2942 Honorii
372 2873 472 2962 igitur
487 2870 745 2961 Cosmograpbia
765 2873 799 2938 in
820 2897 896 2940 vero
915 2876 1089 2962 exemplari
1106 2876 1153 2940 ita

38 2979 232 3065 incipiebat:
269 2975 440 3062 „Oceanus
468 2976 643 3043 Orientalis
676 2976 756 3042 haec
785 2978 887 3042 maria
917 2977 1031 3042 habet:
1065 3000 1152 3042 mare

40 3082 215 3170 Caspium,
244 3105 333 3149 mare
354 3081 540 3148 Persicum“
572 3087 634 3145 cet.
650 3082 704 3164 ¹¹⁴)
735 3080 782 3146 ita
808 3087 845 3144 ut
873 3079 1037 3166 prooemio
1065 3079 1152 3144 nullo

38 3188 244 3275 praemunita
267 3191 366 3264 esset;
390 3205 493 3268 neque
514 3184 588 3250 talis
611 3184 717 3270 operis
740 3182 883 3250 conditio
904 3207 924 3249 a
945 3192 1061 3251 natura
1083 3185 1152 3250 eius

39 3291 205 3356 abhorret.
242 3286 335 3351 Nihil
350 3285 433 3351 enim
448 3295 506 3368 est,
529 3287 590 3352 nisi
612 3286 703 3354 exilis
718 3285 875 3371 quaedam
899 3296 1036 3371 quatuor
1057 3310 1151 3352 ocea-

38 3415 157 3460 norum
179 3411 327 3456 necnon
348 3389 519 3469 montium,
547 3390 721 3456 insularum
745 3397 805 3456 oet.
835 3390 890 3474 qui
913 3389 954 3455 ad
978 3412 1033 3456 eos
1054 3390 1152 3475 perti-

39 3519 118 3564 nere
139 3494 223 3562 Iulio
245 3490 379 3560 Oratori
401 3490 461 3554 visi
484 3500 558 3554 sunt
579 3492 768 3579 descriptio:
798 3517 898 3580 quare
919 3495 953 3558 in
974 3493 1038 3559 fine
1061 3491 1152 3558 addi·

40 3609 94 3666 tur
110 3598 280 3683 ,Quatuor
290 3596 495 3664 Ooeanorum
508 3590 713 3660 Continentia
723 3597 899 3686 Explicit“.
930 3596 1026 3662 Hanc
1042 3585 1149 3662 antoni

40 3724 234 3768 ocaanorum
257 3698 526 3785 descriptionem„
539 3718 604 3781 qua
624 3698 657 3763 in
680 3698 796 3766 scholis
815 3701 970 3789 magister
987 3699 1150 3782 utebatur,

42 3807 135 3892 ,ipso
156 3804 283 3870 nolente
304 3824 343 3867 ao
359 3801 612 3890 subterfugiente
629 3802 774 3888 protulit,
795 3803 975 3892 divulgavit
995 3810 1028 3868 et
1045 3801 1151 3887 publi-

41 3932 99 3976 cae
121 3906 274 3974 scientiae
297 3905 433 3974 obtulit“
458 3905 635 3992 discipulus
658 3905 789 3990 quidam
812 3909 901 3975 cuius
923 3928 1040 3974 nomen
1059 3904 1150 3992 igno-

41 4022 137 4080 ratur.

128 4115 288 4201 Equidem
299 4113 417 4180 Iulium
427 4112 608 4181 Honorium
618 4112 907 4200 Cosmographiam
922 4115 1148 4201 conscripsisse

114 4332 182 4395 114)
202 4335 312 4389 Gronov.
331 4342 347 4389 l.
368 4357 388 4388 o.
408 4357 464 4406 pag.
479 4341 539 4392 ost.

926 4426 946 4491 2
