2800 5088
738 746 768 828 s.
793 748 823 812 5.

618 890 759 952 aunem
782 891 939 942 comens.

313 1027 453 1092 Praeter
474 1024 598 1090 codices
620 1024 853 1110 manuscriptos
875 1047 1007 1090 numero
1028 1020 1125 1091 XIV.
1150 1025 1190 1091 de
1212 1026 1325 1110 quibus

111 1193 113 1200 .
225 1153 325 1216 supra
340 1127 582 1214 disputavimus
598 1126 677 1191 alios
690 1128 824 1216 triginta
836 1121 1070 1216 indagavi-mus,
1091 1129 1146 1213 qui
1162 1129 1324 1194 autetiam

224 1255 314 1298 nune
340 1235 375 1298 in
397 1227 605 1295 Bibliotheeis
633 1229 751 1315 latent,
781 1242 836 1297 aut
865 1241 1045 1319 temporum
1073 1232 1144 1298 viee
1171 1231 1324 1319 deperditi

225 1343 310 1400 sunt.
351 1333 440 1414 Quos
463 1354 590 1409 omnes,
615 1355 678 1416 quo
700 1335 826 1402 facilius
847 1338 972 1422 possint
994 1337 1197 1420 perlustrari,
1220 1334 1325 1400 ordine

226 1436 425 1524 alphabetico
449 1433 660 1502 recensendos
684 1438 776 1504 nobis
799 1463 869 1530 esse
890 1440 1083 1525 putavimus.
1125 1439 1210 1506 Sunt
1232 1439 1326 1525 igitur

224 1540 297 1605 libri
319 1537 529 1624 manuscripti
550 1540 618 1604 fere
640 1539 683 1604 hi.
797 1555 799 1560 ·

312 1742 365 1809 15.
399 1739 496 1811 cod:
512 1747 751 1834 Augiensis,
774 1748 815 1814 de
838 1771 901 1832 quo
917 1768 1014 1833 supra
1027 1769 1102 1834 pag.
1116 1747 1169 1814 35.
1186 1745 1329 1838 disputa·

224 1848 336 1928 vimus,
360 1849 563 1933 conscriptus
578 1858 652 1915 ante
668 1873 785 1917 annum
800 1852 866 1920 822
889 1874 927 1916 eo
950 1850 1037 1934 quod
1058 1857 1151 1914 vetus
1165 1849 1218 1914 ille
1233 1847 1328 1913 libro·

224 1972 295 2016 rum
316 1951 532 2037 Augiensium
562 1955 745 2043 catalogus,
776 1957 831 2040 qui
858 1963 1002 2020 nostrum
1029 1975 1155 2038 quoque
1177 1953 1329 2034 continet,

226 2056 308 2120 intra
330 2077 431 2120 annos
454 2055 530 2124 787.
554 2066 586 2122 et
608 2058 683 2126 822.
708 2058 748 2123 ab
771 2055 1148 2146 Reginbertomonaeho
1171 2056 1332 2140 composi-

225 2167 276 2222 tus
303 2166 361 2222 est.
413 2158 488 2244 (cfr.
518 2158 695 2244 Trudperti
723 2160 872 2247 Neugart
905 2159 1138 2246 Episcopatum
1168 2155 1332 2222 Constan-

225 2263 357 2326 tiensem
380 2271 442 2326 ete.
476 2262 585 2327 Partis
606 2262 633 2327 Ι.
669 2262 807 2328 Tomum
829 2263 856 2327 Ι.
899 2264 992 2332 1803.
1027 2265 1073 2328 4⁰.
1109 2283 1184 2348 pag.
1202 2261 1289 2348 548.)

310 2363 420 2430 inerat
441 2372 568 2452 praeter
591 2365 653 2430 aha
674 2367 790 2432 multa:
816 2365 1019 2450 „hltliber
1047 2362 1208 2430 ethicae
1230 2362 1333 2429 Hie-

224 2468 381 2552 ronymi
404 2467 450 2536 de
474 2466 839 2556 Cosmographia“;
862 2471 917 2536 ubi
939 2493 1024 2534 nuno
1047 2469 1089 2534 sit
1111 2467 1308 2555 ignoramus.

316 2678 367 2746 16.
420 2675 513 2742 cod.
540 2675 767 2744 Boxhornii
796 2695 891 2762 quem
919 2676 1031 2741 laudat
1059 2678 1093 2742 in
1123 2673 1336 2763 „Originibus

225 2781 448 2848 Americanis“
474 2779 637 2868 Georgius
651 2778 887 2862 Horuius²⁷⁰)‚
911 2779 967 2842 cfr.
990 2779 1046 2844 lib.
1061 2778 1132 2862 111,
1159 2801 1235 2865 oap.
1250 2778 1335 2844 XV.

226 2907 303 2972 pag.
323 2886 399 2953 199:
431 2884 595 2968 „Il'thious
618 2879 879 2968 Cosmographus
907 2879 1072 2964 antiquus,
1099 2881 1241 2946 nondum
1265 2881 1338 2946 edi-

225 2996 294 3072 tus,
325 2989 415 3056 ouius
445 2987 699 3074 antiquissimum
726 2983 869 3050 oodioam
895 2983 928 3048 in
952 2983 1146 3048 membranis
1173 2984 1339 3068 seriptum

227 3091 426 3159 bibliotheca
455 3091 504 3157 Ol.
526 3091 720 3172 Boxhornii,
750 3088 844 3152 amici
870 3088 976 3152 nostri
993 3086 1125 3170 summi,
1154 3090 1342 3154 eommuni-

228 3197 334 3264 oavit“
359 3203 421 3260 eto.

316 3299 385 3366 Ubi
406 3298 506 3366 lateat
527 3301 720 3388 ignoramur.

318 3513 368 3578 17.
427 3507 519 3574 cod.
557 3505 913 3594 Cantabrigiensis
948 3503 1004 3589 ΙΙ,
1042 3504 1099 3572 18.
1138 3527 1221 3570 saec.
1253 3505 1338 3571 XV.

229 3615 489 3682 membranaceus
511 3612 545 3676 in
567 3610 653 3675 folio.
796 3689 800 3695 Ι

207 3711 217 3732 ’
316 3701 421 3783 Inest:
448 3713 606 3798 „Ethici
627 3707 1229 3800 philosophicosmographiff.
1254 3711 1341 3776 Post

230 3823 336 3907 operis
358 3822 453 3886 linem
474 3817 528 3882 fol.
548 3817 635 3886 103¹.
660 3816 787 3882 adiecta
807 3823 880 3880 sunt
895 3815 991 3882 haec:
1016 3814 1102 3900 „Qui
1118 3815 1202 3882 huno
1216 3816 1341 3882 librum

229 3926 324 4013 legit,
355 3923 513 4011 intelligat
541 3921 693 3987 Ethicum
721 3918 947 4005 philosophum
972 3943 1038 3985 non
1067 3921 1174 3984 omnia
1203 3918 1341 3999 dixisse,

231 4051 313 4114 quae
342 4031 397 4096 hio
425 4025 547 4114 scripta
574 4033 664 4092 sunt:
692 4021 749 4088 sed
770 4020 947 4086 Ieronimus
976 4021 1030 4104 qui
1059 4044 1131 4087 eum
1160 4023 1341 4104 transtulit,

302 4257 371 4318 279)
392 4261 495 4324 Georgii
508 4263 599 4310 Hornii
618 4259 666 4318 „de
685 4256 823 4320 originibus
835 4255 993 4312 Ametieauia
1012 4255 1069 4304 libri
1088 4256 1220 4319 quatuor“‚
1246 4258 1342 4320 flagae

236 4345 340 4399 Comitis
361 4343 437 4394 1652.
466 4342 507 4393 8⁰.
535 4346 617 4407 Lugd.
636 4345 723 4394 Batar.
743 4343 808 4404 typis
827 4341 938 4405 Philippi
956 4342 988 4391 de
1007 4341 1083 4407 Oroy.
1111 4365 1114 4374 ’
