2784 5106
759 461 802 530 58

228 637 288 725 pit
311 635 635 725 Cosmogrephia
661 636 843 705 feliciter
872 651 957 702 cum
986 634 1226 707 itinerariis
1260 632 1340 706 suis

229 750 268 808 et
288 741 480 826 portibus
503 749 543 806 et
564 763 611 806 ex
631 739 810 806 fastibus
831 737 1104 808 Romanorum
1129 749 1169 806 et
1193 763 1338 810 consu·

228 846 305 910 lum
327 844 556 910 nominibus
579 851 618 910 et
640 842 818 910 diversis
848 891 857 907 .
889 843 976 908 sine
1007 862 1083 928 quo
1105 867 1218 912 nemo
1243 871 1338 933 pru·
1375 887 1376 922 r

228 947 410 1016 densium
433 970 519 1016 esse
540 955 687 1034 potest
735 947 953 1031 „Lectionum
974 947 1123 1034 pervigili
1145 971 1227 1017 curu
1252 973 1336 1016 com-

228 1053 369 1139 perimus
440 1099 541 1118 .....
565 1049 696 1116 domina
721 1053 887 1119 senatus“.
932 1050 1119 1136 Explicit
1147 1053 1338 1120 feliciter

229 1154 456 1244 descriptio
478 1155 608 1222 totius
630 1153 742 1220 orbis
770 1153 987 1240 tripertiti.
1031 1153 1189 1241 Incipit
1212 1157 1339 1224 itine-

227 1260 374 1327 rarium
404 1257 706 1346 provintiarum
734 1258 890 1324 Antoni
918 1259 1102 1346 Augusti
1126 1261 1337 1344 provintie

227 1364 379 1431 Africa.
425 1365 460 1432 A
481 1363 580 1450 Tingi
605 1361 836 1429 Mauretenie“
867 1368 940 1426 etc:
960 1361 1014 1427 fol.
1038 1364 1092 1436 22,
1118 1370 1200 1431 rect.
1232 1388 1254 1429 a
1284 1367 1334 1432 fin

228 1453 382 1552 legimus:
407 1465 599 1553 „Septem
621 1474 776 1532 montes
798 1462 1057 1532 urbisRome.
1091 1465 1251 1553 OEarpeius
1276 1470 1336 1536 Es-

229 1569 367 1652 quilinus
389 1568 565 1634 Palatinus.
596 1566 714 1634 Cealius·
742 1568 933 1634 Aventinus
958 1565 1134 1649 Quirinalis
1152 1571 1334 1639 Viminalis.

228 1671 261 1746 N
269 1693 356 1746 unc¹
371 1672 528 1739 nomina
556 1688 875 1756 aquarumquae
895 1670 1196 1750 usibusreterne
1217 1675 1337 1743 urbis

228 1776 444 1844 formarum
466 1773 844 1852 constructionibus
867 1773 1039 1842 advectc
1062 1786 1156 1845 sunt
1177 1777 1336 1846 indice·

229 1901 323 1948 mus.
370 1877 521 1956 Claudia
535 1879 666 1956 inventa
692 1886 726 1958 et
754 1877 898 1947 adducta
921 1887 983 1956 est,
1001 1902 1030 1944 a.
1043 1877 1181 1954 Claudio
1203 1880 1333 1950 cesare.

227 1983 371 2051 Martia“
396 1992 457 2050 etc.
560 1981 741 2070 „Nympho
762 1983 922 2052 laurentes
941 1983 1085 2070 nymphe
1106 2007 1208 2074 genus
1233 1989 1334 2054 amni·

228 2087 289 2154 bus
310 2087 398 2162 unde
421 2090 504 2162 est“.¹
537 2087 591 2152 fol.
608 2089 675 2155 22¹.
709 2086 816 2173 pergit
836 2085 1042 2154 Itinerarium
1063 2089 1230 2156 Antonini.

317 2189 429 2256 Tertia
456 2188 578 2256 codicis
604 2212 681 2274 pars
706 2188 761 2254 fol.
779 2191 823 2268 24
836 2228 878 2240 -
891 2191 945 2260 28.
971 2193 1181 2266 contineturr
1199 2195 1258 2266 fol.
1282 2198 1334 2266 23.

229 2313 367 2359 vacuum
388 2293 550 2368 remansit
569 2353 572 2361 ,
590 2292 694 2370 ¹Hunc
715 2292 841 2359 librum·
855 2295 918 2379 ipsi
941 2297 1145 2372 excussimus.

239 2443 241 2448 -
317 2394 596 2485 Cosmograpbiae
626 2395 927 2467 Pseudo-Aetbici
964 2387 1126 2487 inscriptio
1165 2420 1226 2464 nec
1265 2425 1338 2470 non

229 2523 339 2568 omnes
365 2502 432 2570 fere
447 2501 583 2571 codicis
605 2503 759 2570 lectiones
782 2499 1071 2592 Guelferbytanum
1091 2511 1234 2574 nostrum
1256 2526 1338 2572 cum

229 2605 472 2678 Vindobonsnsi
501 2605 672 2677 cohaerere
702 2604 835 2689 docent,
867 2629 908 2672 ex
937 2630 1000 2693 quo
1027 2616 1135 2676 tamen
1155 2607 1238 2674 libro
1263 2632 1336 2676 earn

228 2707 271 2785 ob
300 2729 430 2784 causam
459 2717 549 2784 ortus
570 2732 634 2775 non
657 2719 723 2792 est,
749 2708 837 2792 qnod
858 2710 1037 2799 Didymum
1059 2713 1175 2780 omisit.
1222 2709 1336 2795 Quare

228 2831 269 2876 ex
289 2809 465 2876 Parisiensi
486 2812 584 2882 4807.
616 2813 792 2898 emanavit,
821 2815 878 2908 sed
907 2817 953 2882 ita
981 2825 1092 2890 tamen
1114 2826 1151 2884 ut
1171 2839 1238 2882 una
1261 2840 1335 2884 cum

229 2911 300 2980 cod.
329 2914 516 2985 Florentino
548 2915 767 2985 Laurentiano
802 2918 982 3007 descriptus
1016 2944 1085 2988 esse
1115 2921 1267 2988 videatur
1294 2944 1334 2988 ex

228 3016 340 3094 codice
354 3021 495 3105 quodam
508 3043 594 3088 nunc
608 3021 739 3106 latente,
762 3046 856 3108 quem
870 3024 986 3092 litteris
1001 3027 1198 3114 signavimus
1212 3025 1255 3090 Β.
1266 3027 1295 3093 1.
1305 3050 1333 3108 a,
1375 3015 1376 3056 l

229 3128 262 3186 et
284 3121 339 3204 qui
361 3124 573 3214 archetypum
595 3126 709 3195 habuit
729 3127 943 3200 Perisiensem
965 3129 1069 3200 4807„
1097 3129 1185 3196 Nam
1198 3130 1334 3198 Floren-

228 3223 314 3291 tinus
340 3225 421 3292 liber
447 3251 547 3315 aeque
570 3253 608 3296 ac
632 3228 905 3317 Guelferbytanus
926 3242 1002 3320 post
1022 3233 1198 3305 Actbicum
1220 3243 1254 3302 et
1275 3235 1334 3302 Iti-

135 3376 137 3379 -
227 3329 386 3396 nerarium
408 3333 564 3399 Antonini
587 3331 717 3398 exhibet
746 3333 901 3422 „Septem
928 3346 1054 3404 montes
1075 3337 1163 3404 urbis
1185 3336 1332 3404 Romae“

228 3442 266 3510 et
282 3437 479 3520 „Aquamm
501 3436 655 3517 ductus“‚
683 3435 731 3500 ita
758 3446 796 3506 ut
818 3461 1017 3511 communem
1038 3443 1110 3514 illos
1130 3442 1254 3514 fontem
1277 3442 1334 3508 ba-

227 3532 333 3600 buisse
356 3536 615 3614 concludendum*
631 3539 682 3606 sit.

234 3813 254 3826 ,1
309 3741 355 3818 Β.
371 3743 398 3810 1.
410 3742 442 3809 b.
477 3741 616 3812 Codex
630 3746 838 3818 Remcnsis
854 3751 903 3834 K,
928 3751 1331 3834 755,780.enn11417.

226 3848 388 3925 mbranac.
412 3850 469 3928 4⁰„
481 3848 566 3918 foliis
584 3853 655 3924 130.
678 3855 732 3932 iol.
750 3857 781 3922 1¹
795 3855 927 3942 legitur:
944 3852 1225 3944 „cosmographia
1234 3858 1334 3924 Pom·

225 3955 314 4036 ponii
328 3953 427 4038 Mele,
450 3964 482 4024 et
497 3955 560 4020 alie
575 3954 704 4026 Generis
719 3958 1048 4040 atqueItinersrium13
1071 3960 1229 4045 scriptum
1244 3959 1335 4028 Con·

226 4060 347 4140 stancie
359 4061 392 4124 in
405 4060 540 4126 concilio
552 4061 702 4149 generali,
714 4083 796 4127 anno
806 4061 939 4126 Domini
950 4062 1013 4144 ΜΟ.
1022 4060 1169 4129 00000.
1176 4064 1333 4132 XV1J⁰.:

226 4165 258 4221 et
280 4162 416 4226 concilio
439 4166 566 4256 tertio“.
590 4175 623 4230 et
645 4163 728 4229 infra
749 4162 791 4230 ab
815 4163 876 4230 alia
899 4189 996 4231 manu
1020 4166 1113 4256 „Ego
1137 4165 1334 4236 Guillelmus

227 4257 407 4328 Cardinalis
430 4265 542 4333 Sancti
564 4268 671 4334 Marci
700 4267 775 4332 olim
805 4267 945 4338 decanus
971 4269 1156 4356 Remensis,
1185 4272 1273 4340 hunc
1297 4274 1333 4339 li-
