2780 5092
585 457 648 523 155

71 627 269 710 pervenerint
294 673 370 694 .....
401 637 438 694 et
459 649 585 724 usque
608 628 648 694 in
670 627 773 694 diem
801 632 1038 699 nativitatis
1059 653 1169 700 meae

71 730 156 792 culta
184 751 265 812 quae
293 731 411 797 dudum
441 731 568 798 herent
597 731 632 798 in
658 729 861 802 solitudinem
894 732 1025 800 redacta
1054 740 1166 802 sunt“.

70 829 159 896 Alibi
169 833 226 915 ³⁶⁴)
243 855 319 900 vero
341 835 619 921 comprobabimus
628 834 782 902 Etbicum
801 855 866 900 non
880 845 1085 921 post-annum
1099 841 1166 910 300

69 940 176 998 natum
196 936 304 1002 ferisse.
904 992 906 1001 Α

154 1034 295 1104 Constat
321 1047 428 1106 eutem
455 1049 607 1128 vergente
635 1039 761 1106 saeculo
791 1040 931 1107 secundo
959 1041 1046 1108 haud
1072 1045 1168 1111 semel

70 1138 235 1206 Sarmates
258 1149 353 1225 atque
373 1141 591 1229 Iazyges³⁶⁵),
611 1165 676 1211 non
697 1143 731 1208 in
752 1142 910 1211 Histriam
932 1145 1006 1212 dieo
1028 1154 1061 1212 et
1081 1145 1167 1210 Pan-

68 1242 217 1324 noniam,
240 1243 299 1308 sed
319 1244 353 1308 in
373 1243 500 1308 Italiam
521 1246 621 1330 ipsam
644 1245 834 1332 pervenisse.
881 1244 982 1314 (iuius
1003 1249 1050 1313 rei
1071 1249 1168 1314 vesti-
1224 1261 1229 1285 ‘

68 1342 170 1428 glum,
192 1344 226 1408 ni
248 1344 384 1411 fallimur
404 1345 552 1430 primum,
573 1347 687 1416 Marco
704 1348 837 1416 Aurelio
859 1349 1034 1435 imperante
1054 1372 1168 1426 occur,-

68 1445 121 1527 rit,
143 1467 211 1529 quc
233 1450 438 1533 tempore⁸⁶⁰)
454 1471 519 1516 una
536 1471 611 1516 cnm
623 1449 871 1533 Marcomannis,
887 1449 1024 1537 Quadis,
1039 1452 1169 1530 Chattis

70 1547 203 1632 aliisque
229 1550 533 1642 gentibus-etiem
570 1551 794 1638 Sarmatae,
834 1555 937 1623 limite
961 1557 1087 1643 imperii
1115 1579 1168 1624 su·

70 1658 196 1733 pereto,
233 1651 402 1740 Rhoetiam
437 1653 609 1724 intrantes:
626 1680 728 1742 usqne
758 1658 801 1724 ad
828 1660 1012 1745 Aquileiam
1039 1681 1169 1745 procer-

72 1753 225 1834 sere³⁶⁷);
254 1771 286 1818 et
312 1756 418 1841 paullo
446 1765 535 1840 post,
563 1758 679 1824 iisdem
701 1761 849 1843 gentibus
872 1783 945 1832 cum
968 1763 1171 1830 absumtis

72 1851 293 1922 rebellantibus
303 1859 371 1941 ³⁶⁸),
393 1858 427 1920 in
440 1855 644 1922 ¹deditionem
667 1859 809 1940 acceptis
830 1859 1009 1944 Imperator
1030 1887 1094 1926 non
1117 1886 1168 1927 so-

19 1934 26 1956 ⁴
70 1953 134 2018 lum
156 1955 188 2019 in
202 1957 318 2042 Dacia,
340 1957 517 2040 Pannonia,
540 1957 668 2023 Moesia
686 1965 719 2021 et
733 1956 917 2042 Germania,
940 1983 1050 2024 verum
1073 1964 1168 2026 etiarn

70 2055 102 2119 in
122 2057 216 2124 Italia
236 2060 309 2146 ipsa
331 2083 370 2126 ac
391 2060 565 2126 Ravennae
588 2059 680 2126 sedes
702 2061 860 2128 concessit
874 2063 941 2145 869).
987 2061 1068 2128 Post
1089 2061 1169 2128 haec

136 2269 205 2333 364)
225 2273 273 2325 cfr.
291 2274 358 2324 infra
375 2289 430 2338 cap.
442 2275 488 2324 Ill.
507 2291 530 2324 a.
549 2277 633 2326 linem.

135 2354 205 2419 665)
223 2360 267 2408 De
285 2360 394 2422 antiquis
412 2360 514 2408 sedibus
533 2359 705 2408 Sarmatarum
722 2367 748 2408 et
765 2363 894 2420 quomodo
911 2363 999 2423 primis
1017 2377 1092 2413 aerae
1110 2379 1168 2413 nos·

71 2448 119 2491 trae
137 2445 247 2495 saeculis
265 2445 329 2492 fines
346 2443 541 2505 propagaverint
558 2442 604 2490 cfr.
621 2440 748 2500 Niebuhr,
771 2441 863 2489 Kleine
881 2441 1009 2492 Schriften
1025 2445 1051 2502 I,
1073 2459 1099 2505 p.
1118 2445 1169 2492 362

72 2525 165 2580 -695,
202 2529 271 2581 Vide
294 2529 371 2576 etiam
393 2527 475 2576 Taciti
497 2526 591 2575 Annal.
609 2523 672 2585 XII,
697 2521 744 2584 293
768 2524 834 2572 Plin.
852 2524 885 2573 H.
903 2525 961 2575 Nat.
979 2525 1025 2586 IV,
1044 2539 1099 2588 cap.
1111 2528 1170 2590 XH,

72 2623 128 2666 sect.
140 2617 187 2680 253
207 2614 313 2668 Arriani
328 2613 427 2676 Exped.
440 2612 516 2662 Alex.
528 2613 549 2673 I,
563 2609 587 2660 3.
600 2617 637 2660 et:
656 2607 744 2672 Ulrert,
763 2609 924 2675 Gangraphie
941 2611 986 2664 der
999 2611 1126 2666 Grieehen
1144 2629 1170 2664 n.

24 2713 26 2720 ⁴
71 2699 169 2765 Rbmer,
188 2711 252 2762 torp.
265 2699 311 2762 ΙΙΙ,
329 2706 394 2764 part
405 2699 439 2750 Π.
458 2713 516 2762 pag.
530 2696 582 2748 ³20
595 2711 651 2762 sqq.
669 2703 771 2767 etpag.
783 2695 843 2747 429.

138 2785 208 2849 366)
228 2801 296 2836 enno
314 2786 411 2836 scilicet
426 2801 452 2849 p.
472 2785 531 2837 Obr.
548 2801 573 2834 n.
594 2782 651 2834 168,

139 2871 208 2934 367)
228 2867 273 2923 cir.
296 2865 422 2933 Niebuhr,
452 2871 578 2934 Vortrbge
601 2871 664 2920 iiber
685 2869 821 2920 Riimische
844 2869 1009 2931 Geschichte‚
1042 2879 1102 2919 torn.
1125 2871 1169 2920 ΠΙ.

71 2955 157 3006 Berlin
182 2957 263 3018 1848,
291 2952 328 3006 8⁰.
363 2973 421 3020 pag.
439 2956 499 3007 241.
522 2986 558 2995 —
580 2957 647 3008 Vide
672 2956 748 3004 etiam
771 2953 898 3002 Ammian.
917 2953 1056 3002 Marcellin.
1074 2955 1170 3014 XXIX,

71 3056 126 3104 cap.
138 3043 186 3102 VI,
203 3041 231 3090 1:
254 3041 420 3104 „Quadorum
437 3042 506 3090 natio
524 3049 595 3091 motu
611 3047 652 3100 est
670 3040 753 3090 excita
769 3038 910 3100 repentino,
927 3053 1018 3099 parum
1034 3052 1102 3086 nune
1120 3039 1171 3086 for-

70 3126 205 3185 midanda,
224 3125 268 3172 sed
286 3125 437 3174 immensum
455 3131 575 3189 quantum
592 3127 698 3178 antehac
715 3123 832 3173 bellatrix
850 3131 876 3172 et
892 3130 996 3186 potens,
1014 3130 1043 3171 ut
1059 3124 1172 3176 indicant

70 3215 225 3272 perpetrata,
244 3209 363 3278 qnoniam
379 3211 470 3274 raptim
485 3215 614 3276 proclivia,
635 3213 789 3272 obsessaque
807 3210 839 3258 ab
857 3210 948 3258 iisdem
965 3225 995 3260 ac
1013 3210 1171 3260 Marcoman·

71 3295 110 3344 nis
128 3293 263 3357 Aquileia,
287 3294 494 3360 Opitergiumque
517 3301 642 3360 excisum,
665 3304 691 3348 et
708 3302 811 3346 cruenta
828 3295 958 3360 complura
975 3293 1098 3358 perceleri
1115 3304 1173 3344 aete

72 3382 218 3444 procinctu:
237 3381 280 3432 rix
297 3382 430 3434 resistente
446 3388 571 3449 perruptis
584 3385 693 3449 Alpibus
704 3382 775 3432 Iuliis
791 3381 909 3444 Principe
927 3381 1002 3439 serio,
1021 3393 1097 3442 quem
1113 3388 1172 3432 ante

73 3467 214 3530 docuimus,
231 3469 326 3518 Marco.
1101 3532 1103 3540 Ι

142 3551 211 3613 368)
230 3554 274 3604 cfr.
292 3555 340 3604 Inl.
360 3554 532 3618 Capitolinum
549 3556 576 3602 in
593 3555 629 3601 M.
648 3553 761 3602 Antonio
780 3567 834 3618 cap.
847 3551 917 3612 XIV,
935 3551 1018 3612 XVII,
1036 3551 1119 3602 XXII.
1137 3583 1171 3592 -

74 3638 222 3703 Eutropium
239 3640 282 3690 lib.
300 3641 371 3700 VIII,
390 3655 445 3703 cap.
457 3639 529 3688 XIII.
546 3667 576 3674 -
596 3637 724 3685 Ammian-
742 3639 881 3688 Marcellin.
899 3637 942 3688 lib.
959 3639 1056 3700 XXXI,
1074 3654 1129 3702 cap.
1139 3640 1171 3698 V,

74 3720 94 3780 ξ,
109 3723 153 3774 1³:
174 3723 278 3784 ,Marco
296 3725 384 3774 itidem
401 3723 550 3771 moderante
563 3720 705 3782 imperium,
723 3737 802 3773 unum
814 3726 933 3788 spitando
945 3727 1049 3776 vesania
1059 3725 1172 3786 gentium

74 3809 240 3870 dissonarum,
257 3815 318 3872 post
334 3807 459 3856 bellorum
476 3806 589 3868 fragores
606 3805 753 3866 immensos,
769 3817 829 3871 post
845 3809 859 3838 *
872 3813 909 3858 eri
926 3811 1026 3858 urbium
1044 3814 1173 3868 captarum

75 3902 99 3945 et
119 3897 275 3959 direpturum
299 3900 325 3943 et
346 3905 450 3957 pessum
470 3887 486 3918 ⁴*
511 3889 622 3942 concites
644 3892 781 3954 proratorh
798 3891 813 3920 ⁸
831 3895 961 3953 interitus,
982 3875 1066 3954 partes
1086 3905 1173 3940 eorum

76 3982 178 4046 exiguas
195 3981 341 4043 reliquisset
358 3975 491 4030 innatat
510 4003 544 4018 -ψ
562 3977 628 4028 Vide
646 3977 722 4028 etiarn
735 3974 846 4037 Gibbon,
863 3978 917 4029 bc.
934 3991 990 4039 cap.
1003 3977 1040 4027 ix
1058 3971 1136 4036 (torn.
1152 3979 1173 4039 I,

75 4080 129 4131 pag.
142 4064 222 4127 236).

144 4149 214 4212 666)
232 4153 278 4202 eir.
296 4150 420 4216 Xipbilmi
438 4152 566 4214 Exempta
583 4165 616 4200 ea
635 4147 718 4200 Cassii
735 4146 826 4198 Dionis
849 4145 914 4195 libro
931 4147 1029 4208 LXXI,
1052 4163 1106 4212 cap.
1129 4149 1174 4200 112

77 4224 152 4288 οὗτοι
169 4253 197 4287 τι
217 4225 262 4287 οὖν
281 4230 395 4299 (scilicet
413 4238 439 4286 ot
457 4228 657 4304 Μαρκομάιόι)
676 4230 742 4302 πρὸς
760 4229 806 4288 τὸν
825 4225 1101 4302 Μάρκονᾶφίκοντο,
1121 4235 1174 4287 καὶ
