2800 5088
603 514 645 582 83

76 688 361 778 Oosmographiam
384 709 453 754 esse
475 685 702 772 reducendam,
724 689 786 754 nisi
809 687 850 754 ad
863 687 979 755 Iulium
994 692 1174 758 Honorium

74 791 258 873 Oratorem3
289 789 421 859 Aethici
447 813 524 857 vero
547 814 663 858 nomen
686 791 774 876 quod
795 814 835 856 ex
857 799 924 856 tam
944 817 1060 881 magno
1084 796 1173 862 codi-

74 918 144 960 cum
166 896 456 983 manuscriptorum
476 919 609 961 numero
631 904 697 962 tres
720 903 844 960 tantum
866 893 939 960 libri
953 897 986 960 in
999 899 1102 963 fronte
1117 923 1172 987 ge-

0 998 1 1009 ’
71 1007 154 1082 runt,
178 1008 210 1064 et
232 999 319 1084 quod
342 1023 448 1066 errore
469 1001 540 1066 illos
561 999 761 1086 subrepsisse
786 998 1089 1082 demonstravimus,
1115 1025 1173 1066 nu-

70 1103 208 1188 perrime
231 1105 356 1169 auctori
368 1101 643 1191 Oosmographiae
664 1127 683 1168 a
698 1101 909 1170 D’Avezacio
929 1101 1086 1170 vindicari
1104 1105 1173 1187 quis

70 1215 119 1274 est
142 1207 219 1291 quin
240 1207 444 1272 vehementer
465 1207 661 1272 admiretur?

160 1307 269 1390 Quare
292 1289 373 1393 quas
393 1307 469 1374 inde
492 1310 532 1374 ab
553 1311 647 1374 initio
670 1310 870 1394 quaestiones
892 1307 985 1374 nobis
1007 1311 1174 1394 proposui-

66 1435 158 1477 mus:
188 1411 310 1478 scilicet
336 1420 374 1475 ut
394 1411 457 1476 hac
478 1413 585 1498 priore
608 1412 832 1499 disputationis
853 1420 946 1496 parte
968 1411 1174 1496 inquiramus,

65 1537 146 1581 num
176 1515 216 1580 ad
246 1511 383 1580 eundem
410 1524 572 1580 auctorem
596 1525 733 1600 quatuor
753 1515 799 1580 illi
821 1515 894 1580 libri
915 1509 1089 1580 reducendi
1111 1517 1175 1581 sint

67 1641 150 1704 quos
178 1619 223 1684 ibi
253 1619 507 1684 enumeravimus
514 1645 523 1700 ;
552 1619 627 1684 Iulii
648 1618 785 1684 Honorii
815 1618 883 1684 scil.
908 1615 1174 1707 Cosmographia,

65 1722 179 1788 Orosii
201 1723 375 1808 descriptio
397 1724 494 1806 orbis,
519 1723 723 1788 Itinerarium
746 1722 914 1804 Antonini,
937 1718 1072 1806 denique
1096 1723 1174 1806 ,Li-

64 1826 127 1891 ber
148 1825 261 1890 Ethici
282 1826 466 1911 philosophi
489 1827 529 1891 ab
552 1827 752 1912 Hieronymo
774 1826 984 1891 translatus“:
1012 1825 1073 1890 hae
1096 1849 1174 1910 quo-

0 1947 10 2002 >
60 1928 167 1994 modo
190 1951 223 1994 se
246 1928 386 1995 habeant
408 1931 472 1994 iam
494 1930 613 1995 nemini
634 1953 698 1994 non
718 1929 812 2014 plane
827 1929 1072 2014 perspiciuntur.
1107 1929 1174 1996 Ita·

63 2055 131 2117 que
153 2032 204 2098 his
224 2055 310 2098 nunc
333 2033 459 2098 omissis
482 2033 522 2098 ad
546 2057 656 2099 verum
674 2032 788 2100 Ethici
806 2031 949 2098 libellum
973 2031 1173 2116 accedamus,

62 2137 93 2201 si
122 2136 231 2202 forsan
260 2137 329 2202 eius
358 2137 532 2203 conditioni
561 2159 620 2223 pro
653 2133 737 2202 virili
772 2144 881 2201 nostra
916 2143 1009 2222 parte
1038 2137 1174 2202 salutem

62 2239 229 2324 quandam
252 2241 378 2306 allaturi
400 2263 521 2306 sumus:

157 2342 223 2409 Sed
246 2353 416 2429 antequam
439 2345 482 2409 ad
502 2367 587 2408 nova
608 2352 806 2408 transeamus
834 2343 896 2406 hoc
924 2343 997 2408 loco
1012 2365 1118 2428 pauca
1133 2343 1173 2410 de

61 2444 221 2510 subsidiis
249 2447 342 2510 nobis
367 2447 464 2509 liceat
491 2445 628 2508 adiicere
657 2444 772 2526 quibus
801 2441 1077 2528 Cosmographiae
1105 2447 1173 2510 edi·

57 2550 131 2614 tori
152 2546 364 2611 insistendum
388 2547 457 2610 erit.
504 2543 578 2626 Qua
599 2545 633 2606 in
655 2565 700 2626 re,
727 2543 755 2606 si
777 2565 853 2607 vera
875 2553 949 2607 sunt
972 2567 1054 2627 quae
1077 2567 1174 2630 supra

57 2649 279 2735 comprobare
307 2649 481 2736 periclitati
515 2669 640 2729 sumus,
676 2669 775 2730 quum
804 2642 1079 2733 Cosmographiae
1104 2655 1174 2713 tres

56 2756 208 2820 existant
228 2753 430 2818 recensiones
452 2773 587 2836 quarum
609 2750 695 2814 nulla
717 2749 810 2813 alteri
833 2749 1003 2814 conformis
1024 2759 1087 2816 est:
1113 2774 1173 2816 se·
1246 2803 1256 2820 1

57 2859 210 2943 quitur
232 2866 275 2923 ut
297 2877 428 2936 omnes
450 2857 561 2920 foras
584 2855 833 2918 emittantur.

155 2960 201 3025 Et
225 2960 265 3025 ad
287 2960 424 3046 primam
448 2958 576 3043 quidem
603 2955 835 3022 emendandam
857 2977 921 3018 uno
944 2962 1069 3018 tantum
1091 2955 1173 3020 libro

56 3065 111 3130 uti
136 3085 321 3148 possumus:
353 3064 407 3148 qui
430 3086 528 3146 quum
550 3061 644 3126 valde
667 3060 861 3145 depravatus
884 3057 943 3140 sit,
972 3079 1101 3122 necesse
1125 3067 1174 3123 est

53 3177 97 3232 ut
125 3165 293 3229 meliorum
311 3165 469 3230 secundae
484 3165 677 3230 recensionis
693 3161 842 3227 codicum
857 3158 1047 3226 lectionibus
1063 3171 1174 3248 aperta

51 3271 136 3336 eius
159 3266 239 3329 vitia
262 3267 464 3352 castigemus.

155 3369 195 3433 In
218 3369 359 3433 secunda
381 3377 488 3432 autem
511 3370 700 3455 expolienda
720 3368 905 3434 recensione
927 3365 1065 3449 quinque
1087 3367 1174 3450 prio-

50 3479 105 3540 ris
134 3472 255 3538 ordinis
279 3471 444 3536 codicibus
462 3472 662 3556 potissimum
676 3472 830 3539 utendum
846 3470 923 3549 erit3
948 3490 1052 3552 neque
1066 3476 1174 3533 tamen

53 3575 280 3646 Scorialensis
311 3575 431 3640 saeculi
459 3574 554 3640 VIII.
587 3575 835 3640 contemnendus
866 3581 931 3655 est,
972 3572 1090 3657 quippe
1120 3574 1174 3657 qui

52 3680 204 3748 eundem
226 3679 292 3744 fere
316 3703 354 3744 ac
376 3678 535 3765 praedicti
557 3677 677 3741 fontem
692 3674 819 3742 habeat.
856 3676 1066 3759 Reliquorum
1080 3675 1174 3740 huius

53 3783 190 3848 ordinis
213 3783 404 3868 scripturas,
433 3782 491 3847 ubi
519 3780 559 3845 ab
587 3777 755 3866 archetypi
776 3780 967 3846 lectionibus
991 3777 1173 3861 abhorrent,

51 3891 90 3952 in
119 3887 267 3973 margine
290 3887 438 3974 religiose
461 3883 694 3950 adnotabimus.
859 3875 865 3888 ⁸

156 3991 205 4054 At
234 3989 261 4054 si
289 3991 418 4054 tertiam
449 3985 723 4075 Cosmographiae
749 3988 966 4052 recensionem
995 4007 1173 4071 expurgare

50 4095 226 4175 volumus,
248 4115 288 4158 ne
311 4093 452 4157 omnium
476 4089 624 4156 codicum
646 4090 799 4155 lectiones
816 4088 1029 4154 recensendae
1042 4087 1173 4153 videan-

49 4207 116 4263 tur
143 4196 266 4282 ingenti
288 4195 403 4262 horum
418 4218 550 4261 numero
566 4194 712 4260 efficitur.
748 4190 858 4274 Quare
880 4215 918 4256 eo
940 4193 1047 4278 potins
1069 4193 1173 4257 niten-

48 4301 144 4366 dum
166 4298 259 4364 nobis
282 4299 343 4366 erit
364 4307 411 4382 ut,
433 4298 630 4386 singulorum
646 4295 793 4362 ordinum
809 4294 962 4361 adhibitis
978 4295 1172 4384 archetypis,

928 4401 972 4468 ,t
