2784 5106
590 471 632 538 25

423 717 588 769 EXPLICIT
610 717 804 768 EXPOSITIO.

153 849 372 917 EXEERTE
394 851 502 920 EIVS
523 851 645 918 FERE
669 852 720 917 vel
743 851 938 917 continentia
957 861 1089 939 propter
1111 852 1168 916 ali·

56 977 143 1040 quos
164 955 325 1020 anfractus
343 979 384 1021 ne
400 956 597 1022 intellectum
617 957 700 1021 forte
717 955 854 1042 legentis
870 953 1045 1040 perturbet.
1069 963 1101 1018 et
1120 955 1168 1020 vi-

55 1059 112 1124 cio
127 1058 220 1125 nobis
238 1058 501 1125 adscribatur.
522 1057 795 1146 exponendam
812 1081 882 1125 esse
897 1057 1078 1122 censuimus
1090 1060 1157 1139 ¹²⁸).

149 1160 240 1249 Ergo
263 1184 402 1228 oceanus
423 1163 585 1228 orientalis
607 1163 685 1228 talia
705 1163 807 1229 maria
828 1161 941 1228 habet:
967 1159 1082 1244 ,Mare
1105 1156 1168 1224 Oa-

57 1265 188 1349 spium“
213 1273 273 1328 etc.
297 1264 428 1330 utcod.
450 1264 553 1330 Paris.
576 1265 675 1334 4808.
698 1287 781 1331 saec.
796 1263 857 1330 VI.
882 1265 937 1349 qui
958 1265 1096 1350 primam
1118 1285 1167 1328 re-

57 1366 245 1431 censionem
268 1365 406 1431 exhibet.

150 1469 295 1533 ‘situlum
318 1478 443 1551 autem,
473 1492 513 1535 ex
535 1469 731 1535 dimensione
752 1469 807 1533 illa
829 1466 1049 1553 desumptum,
1072 1467 1168 1532 talem

57 1570 189 1638 addidit
211 1557 371 1638 secundae
394 1571 543 1641 editionis
566 1580 694 1638 auctor:

152 1673 384 1759 ,CRONICA
400 1675 520 1743 IVLII
536 1672 800 1758 CAESARIS“,
818 1683 888 1740 aut:
908 1669 1167 1758 „OOSMOGR.

191 1777 312 1844 IVLII
334 1777 596 1862 CAESARIS“‚
1168 1810 1170 1818 ¹

56 1891 119 1948 aut
141 1881 293 1966 denique:

263 1982 518 2071 ,DIMENSIO
540 1985 766 2056 VNIVIIRSI
789 1983 959 2052 ORBIS“.

150 2087 260 2172 Quare
274 2089 424 2173 quoniam
438 2090 578 2154 auctoris
592 2113 710 2157 nomen
724 2091 826 2176 plane.
834 2089 988 2154 omissum
1004 2095 1097 2170 esset,
1113 2088 1168 2172 qui

54 2200 175 2279 postea
193 2215 314 2258 novum
330 2190 410 2257 illud
428 2215 510 2279 opus
528 2192 775 2282 descripserrmt,
795 2193 842 2259 illi
856 2193 961 2278 prima
976 2191 1044 2255 eius
1059 2189 1167 2275 verba,

55 2319 101 2361 ne
123 2317 283 2382 anonyma
303 2306 480 2362 remaneret
498 2294 764 2384 Cosmograpbia,
788 2297 1002 2362 distinxerunt
1020 2295 1082 2360 ita:

148 2396 242 2463 ING.
269 2397 502 2465 DIMENSIO
524 2397 751 2464 VNIVERSI
779 2396 916 2464 ORBIS
945 2400 979 2462 A
1005 2397 1033 2463 I.
1058 2395 1167 2464 CAE-

9 2537 11 2573 ;
56 2501 182 2568 SARE
205 2500 266 2564 ET
289 2499 339 2562 M.
355 2495 607 2562 ANTONINO
629 2495 797 2561 FACTA.
839 2495 974 2577 „Omnis
992 2498 1078 2562 orbis
1095 2522 1167 2582 per·

9 2667 10 2678 ,
58 2611 276 2690 agraturper
298 2599 549 2684 sapientissimos
573 2607 605 2663 et
627 2599 745 2664 electos
767 2597 873 2662 viros“
898 2606 959 2662 etc.

150 2708 181 2774 2.
228 2700 380 2770 Secunda
400 2702 499 2790 igitur
521 2703 675 2786 recensio,
699 2725 780 2788 quae
803 2698 1092 2788 Cosmographiam
1113 2701 1169 2770 Iu·

57 2811 102 2876 lio
126 2806 260 2874 Caesari
283 2805 430 2892 ascribit,
458 2806 492 2873 iu
513 2807 619 2872 fronte
640 2808 724 2895 gerit
745 2805 959 2871 narrationem
982 2805 1022 2872 de
1045 2806 1168 2873 dimen-

58 2915 150 2980 sione
168 2909 310 2976 universi
327 2909 428 2976 orbis:
453 2933 549 2995 quam
563 2910 648 2975 unde
662 2909 805 2976 hauserit
819 2910 1000 2995 quicunque
1016 2910 1166 2977 editionis

59 3025 173 3082 auctor
196 3013 313 3095 extitit,
335 3012 397 3078 hoc
419 3014 491 3080 loco
514 3015 627 3102 paucis
642 3013 748 3078 verbis
769 3011 1051 3078 demonstrandum
1074 3013 1156 3088 erit„

147 3118 188 3183 In
210 3115 337 3184 schedis
361 3115 556 3200 ,Societatis
578 3116 758 3206 aperiendis
786 3115 927 3182 fontibus
954 3138 1060 3206 rerum
1083 3113 1167 3182 Ger·

57 3222 259 3287 manicarum
280 3219 378 3282 medii
406 3222 496 3287 aevi“
526 3219 677 3307 anonymi
706 3219 846 3284 auctoris
875 3243 956 3307 opus
985 3228 1166 3286 asservatur

58 3323 190 3390 saeculo
213 3321 441 3406 conscriptum,
462 3332 500 3389 ut
520 3325 657 3407 videtur,
681 3323 821 3390 decimo:
846 3323 899 3387 cui
920 3320 1081 3406 ,Oronica
1097 3321 1166 3390 Go-

57 3427 212 3492 thorum“
236 3424 349 3489 titulus
372 3433 431 3506 est,
454 3427 602 3511 quodque
616 3427 745 3494 Ludov.
760 3425 956 3494 Bethmanni
978 3422 1028 3489 Ol.
1044 3425 1087 3489 V.
1111 3446 1167 3492 cu-

58 3532 105 3595 ris
128 3526 343 3612 emendatum,
366 3529 400 3592 in
412 3526 632 3595 Monumentis
647 3529 840 3597 Germaniae
856 3554 914 3596 suo
929 3539 1073 3617 tempore
1092 3529 1167 3597 ede-

61 3642 123 3698 tur.
161 3631 236 3697 Hoc
259 3655 358 3717 quum
382 3631 452 3697 aliis
475 3655 515 3696 ex
538 3633 643 3696 causis
664 3635 879 3718 memorabile,
902 3643 971 3699 tum
985 3632 1078 3700 nobis
1095 3658 1166 3700 eam

61 3735 105 3800 ob
128 3736 283 3801 rationem
313 3734 510 3801 afferendum
539 3743 604 3818 est,
633 3736 708 3820 quia
735 3759 799 3802 non
827 3739 930 3806 solum
957 3737 1098 3802 fabulam
1126 3735 1166 3802 de

60 3837 150 3903 orbis
173 3836 385 3922 dimensione,
414 3848 447 3905 et
468 3840 649 3906 accuratius
679 3837 807 3924 quidem
830 3851 862 3908 et
883 3842 1045 3928 copiosius
1069 3864 1165 3925 quam

62 3940 318 4029 Cosmcgraphia
332 3951 442 4009 nostra
455 3946 521 4028 ¹²⁹),
538 3941 683 4011 exhibet:
707 3965 817 4010 verum
833 3947 929 4013 etiam
944 3938 985 4012 eir
1000 3968 1063 4030 quo
1078 3943 1166 4012 fonte

19 4179 23 4192 Ι
134 4100 202 4164 128)
220 4105 312 4155 Verbis
331 4107 477 4171 „Excerptn
499 4110 553 4159 eius
572 4102 718 4172 Sphaerae“
737 4115 785 4158 cet.
804 4111 886 4172 prima
903 4113 959 4160 cod.
978 4111 1057 4162 Paris.
1076 4108 1164 4175 isos„

62 4197 90 4240 ut
107 4191 223 4250 vidimus,
241 4193 356 4242 recensio
374 4193 469 4256 incipit.
842 4205 845 4212 ’

135 4272 201 4334 129)
221 4275 294 4328 Aliae
312 4280 509 4330 mensurationis.
523 4296 570 4344 per
587 4282 731 4344 Augustum
750 4284 877 4336 versiones
894 4286 961 4348 apud
978 4286 1104 4335 Isidorum
1122 4299 1165 4334 ex·
