2822 5100
630 482 671 548 79

100 655 251 739 Denique
266 675 330 719 non
345 654 446 718 solum
458 651 637 740 Didymum
651 655 846 738 omittit²¹²)‚
867 679 977 724 verum
992 658 1089 723 etiam
1103 657 1198 722 finem

98 758 181 823 facit
201 758 234 822 in
255 757 361 823 verbis
387 757 479 840 „Hae
501 765 576 822 sunt
597 758 719 822 insulae
741 757 782 822 ab
803 757 1012 844 Hellesponto
1033 783 1134 845 usque
1157 759 1200 824 ad

99 858 287 927 Occeanum
309 883 368 947 per
389 868 493 924 totum
517 861 617 925 altum
639 862 773 948 pelagus
794 861 952 944 famosae,
975 884 1056 946 quae
1077 864 1199 929 intelle·

98 971 157 1030 ctu·
177 973 209 1030 et
231 962 451 1052 magnitudine
473 963 614 1030 celebres
635 963 814 1030 habentur“
831 965 899 1047 ²¹³).

188 1065 357 1133 Consentit
385 1075 493 1132 autem
515 1067 643 1144 Alberti
671 1067 774 1133 codex
801 1090 875 1132 oum
904 1067 1043 1134 editione
1073 1066 1200 1134 Grono-

96 1171 209 1253 viana‚
238 1170 270 1235 h.
292 1192 319 1236 e.
350 1193 424 1234 cum
446 1169 558 1236 codice
579 1171 753 1236 Parisiensi
774 1171 872 1240 4808.
896 1194 981 1238 saec.
996 1171 1078 1236 XII.
1102 1193 1200 1256 quum

97 1275 214 1338 ceteris
236 1275 270 1338 in
292 1272 403 1355 rebus,
430 1281 501 1337 tum
527 1295 564 1339 eo
587 1275 788 1360 potissimum
811 1273 899 1358 quod
919 1274 1117 1340 Hermonem
1140 1271 1200 1340 flu-

96 1379 188 1442 vium
203 1376 399 1458 omittit²¹⁴);
424 1375 483 1441 sed
497 1397 570 1442 cum
586 1375 908 1443 codVindobonensi
926 1377 1000 1460 181,
1012 1376 1200 1459 Dresdensi,

95 1478 206 1567 Lugd.
229 1480 343 1546 Batav.
366 1478 515 1545 Vossian.
540 1478 591 1547 60.
614 1481 721 1544 locum
743 1481 841 1546 alium
863 1481 999 1554 omittit:
1031 1481 1085 1563 „A
1111 1481 1200 1545 fonte

95 1583 244 1649 fluminis
259 1579 385 1670 Gangis
508 1584 664 1669 perlitus
687 1581 872 1650 Cimmerici
897 1585 1011 1667 maris,
1041 1582 1129 1668 quod
1150 1591 1199 1650 est

96 1687 137 1752 ab
161 1685 308 1772 Aphrioo
329 1689 450 1770 usque“
465 1687 533 1768 ²¹⁵).
577 1685 687 1768 Quare
708 1686 823 1754 horum
845 1688 931 1754 nullo
953 1687 1107 1754 Albertus
1129 1695 1199 1752 ute-

94 1790 203 1855 batur.
255 1788 378 1853 Tamen
407 1811 480 1852 curn
508 1787 580 1852 eod.
603 1789 712 1874 Lugd.
734 1791 860 1856 Batavo
888 1791 1049 1857 Vossiano
1078 1790 1199 1856 arctius

92 1893 167 1956 eius
189 1889 271 1956 liber
293 1899 342 1956 est
363 1891 552 1956 coniunctus
581 1911 677 1972 quam
701 1911 773 1953 cum
794 1891 969 1957 Parisiensi
994 1891 1098 1971 48083
1129 1892 1198 1958 sed

95 1993 257 2059 codicis
283 1994 483 2058 lectiones
510 1992 571 2057 ita
600 1991 847 2077 depravatae
876 1999 968 2058 sunt
997 1992 1103 2077 apud
1127 1993 1199 2058 Al-

95 2098 271 2179 bertum‚
299 2104 343 2161 ut
365 2094 718 2182 Cosmographiae·
742 2096 893 2160 editori
921 2095 1040 2180 plane
1068 2096 1199 2182 negli-

7 2235 8 2240 1
95 2198 248 2288 gendae
277 2200 375 2282 sint,
411 2198 693 2282 quum‘nullus
721 2220 768 2264 ex
796 2199 849 2264 iis
877 2198 1038 2265 fructus
1066 2199 1199 2284 possit

7 2323 8 2360 2
94 2302 264 2390 percipi.
299 2301 474 2368 Accedit
496 2300 992 2389 quodAlbertusMagnus
1010 2303 1198 2370 intrans·

7 2441 9 2466 r
95 2406 315 2472 scribendo
337 2404 444 2470 libro
466 2405 525 2467 ita
546 2411 736 2468 versatus
764 2413 840 2486 est,
870 2413 914 2469 ut
936 2406 1093 2472 codicis
1114 2407 1198 2473 lec-

94 2513 229 2576 tiones
257 2529 330 2593 pro
366 2504 540 2568 arbitrio
568 2499 814 2584 immutaret3
853 2507 1097 2588 quinetiam
1123 2529 1199 2574 non

94 2612 220 2680 semel
242 2617 362 2692 atque
384 2629 476 2671 raro
499 2605 567 2672 sed
589 2606 738 2692 passim
761 2606 805 2672 de
832 2629 903 2673 suo
930 2609 1055 2674 multa
1084 2610 1199 2676 addi-

94 2719 164 2783 dit.
199 2713 308 2797 Quare
322 2713 421 2777 miror
433 2708 652 2776 Christianum
666 2710 820 2776 Petersen
831 2761 832 2764 ¹
842 2711 875 2776 in
896 2712 993 2779 telem
1008 2715 1198 2780 sententiam

29 2901 37 2916 Ι
94 2842 197 2907 nuper
219 2817 392 2899 aberrasse,
414 2823 451 2880 ut
473 2835 555 2901 quae
575 2812 730 2880 Albertus
746 2813 888 2902 Magnus
909 2816 979 2902 ipse
1002 2818 1137 2914 affinxit,
1159 2841 1198 2884 ee

95 2922 203 2988 omnia
224 2921 345 3006 scripta
368 2943 441 2986 eum
465 2917 624 2983 invenisse
649 2917 684 2980 in
710 2917 886 3004 archetypo
913 2918 1083 3003 putaverit.
1123 2921 1198 2988 Hac

95 3024 210 3090 deinde
238 3047 278 3088 ex
306 3047 341 3088 re
367 3023 459 3107 sequi
487 3020 572 3085 idem
600 3021 750 3106 opinatur
775 3019 913 3085 melioris
935 3029 1030 3086 notae
1053 3023 1197 3089 codicem

95 3129 232 3193 Alberto
255 3125 382 3190 affuisse
405 3133 502 3207 atque
517 3123 541 3187 ii
557 3131 642 3205 sunt,
665 3145 746 3206 quos
761 3144 859 3208 supra
872 3121 1172 3210 adnotavimusl²¹⁶)

186 3227 235 3291 At
255 3247 332 3290 vero
355 3226 508 3291 Albertus
529 3227 598 3311 ipse
624 3225 718 3291 claris
742 3233 775 3290 et
797 3227 956 3310 expressis
977 3229 1083 3295 verbis
1106 3229 1196 3312 dicit,

95 3354 131 3397 se
153 3329 269 3394 librum
290 3328 378 3394 illum
401 3349 465 3392 non
487 3336 553 3392 tam
576 3328 772 3396 adverbum
795 3328 1002 3415 descripsisse
1020 3353 1116 3415 quam
1137 3355 1196 3419 po-

95 3602 198 3658 propter
215 3599 299 3643 vastos
318 3607 416 3642 eremos
435 3591 623 3640 interiacentes:
642 3594 687 3641 sed
705 3609 720 3642 a
737 3595 872 3657 provinciis
885 3579 962 3656 supra
973 3595 1107 3644 nominetis
1121 3611 1196 3658 quae·

96 3681 154 3731 dam
172 3687 293 3729 vocantur
311 3680 373 3728 citra
386 3677 541 3740 Aquilonem
560 3675 705 3736 existentes,
724 3679 787 3728 allae
805 3679 884 3729 multo
902 3680 987 3743 plnres
1005 3679 1177 3744 ignorantur“.

140 3817 143 3822 ,
165 3760 233 3825 212)
253 3765 299 3814 cfr.
317 3764 333 3813 1.
347 3779 368 3814 e.
387 3779 445 3828 pag.
465 3760 537 3813 2845
554 3761 708 3821 „Policletus
730 3771 814 3813 autem
837 3767 937 3828 sapiens
955 3767 1135 3816 Meridionoles
1153 3767 1196 3815 do·

96 3852 195 3916 scripsit
205 3858 298 3914 partes,
317 3849 494 3900 Occidenteles
512 3854 597 3897 autem
615 3862 661 3911 per
677 3848 805 3897 itineraria
822 3864 869 3898 sua
880 3852 988 3900 Romani
1006 3853 1145 3901 sciverunt:
1164 3866 1196 3901 eo

97 3937 163 3998 quod
181 3937 207 3984 in
227 3935 364 3986 Occidente
381 3935 517 3998 praecipue
536 3941 608 3982 erant
625 3934 737 3983 dominia
755 3940 781 3983 et
797 3934 851 3984 viae
870 3935 983 3986 eorum“.

164 4018 232 4082 213)
251 4022 349 4070 Albert.
367 4021 453 4083 Magn.
472 4035 530 4083 pag.
543 4017 638 4070 2923.
675 4019 720 4069 cfr.
735 4018 846 4069 Gronov.
863 4035 922 4084 pag.
936 4020 995 4071 732.

164 4102 234 4166 214)
253 4106 298 4155 cfr.
319 4106 429 4157 Gronov.
450 4121 508 4170 pag.
523 4103 581 4153 720.
595 4106 648 4154 init.

165 4186 234 4251 21⁶)
253 4191 299 4240 cfr.
318 4191 429 4242 Gronov.
447 4206 505 4255 pega
519 4189 579 4241 726.
589 4198 652 4241 extr.
672 4187 731 4241 727.
743 4190 798 4240 init.

165 4272 233 4335 216)
252 4276 296 4325 cfr.
315 4277 436 4333 Peterson
453 4278 470 4327 l.
481 4291 503 4327 c.
521 4289 579 4341 pag.
594 4275 652 4327 164.
665 4278 720 4328 init
740 4274 799 4326 170.
813 4283 881 4328 extr„
892 4287 946 4340 sqq.
