2780 5092
739 440 802 508 176

220 612 436 696 attendentes,
465 612 551 699 quod
579 635 684 679 sermo
709 615 772 696 rei,
800 620 833 680 et
854 635 918 678 non
939 635 991 679 res
1012 621 1064 681 est
1084 614 1224 680 sermoni
1245 615 1316 681 sub-

219 717 319 799 iecta,
341 718 503 784 licentiam
525 716 585 782 tibi
606 717 640 781 in
662 717 725 782 illis
747 717 914 782 dumtaxat
935 717 1081 804 partibus
1102 717 1159 782 ubi
1182 716 1221 784 de
1244 739 1316 784 con-

219 818 386 886 suetudine
414 821 625 886 observantur
656 821 847 906 praemissa,
888 818 1060 886 dummodo
1090 821 1250 888 sententia
1281 846 1319 888 ex

218 923 319 1008 ipsius
347 923 503 990 varietate
530 924 654 989 litterae
680 945 744 988 uon
766 921 928 1005 laedatur,
956 924 1151 990 auctoritate
1173 947 1320 1010 praesen-

218 1027 299 1090 tium
328 1025 532 1092 concedimus
559 1026 764 1112 postulatam.
817 1025 941 1091 Datum
970 1026 1125 1114 Lugduni
1155 1027 1217 1092 IV.
1247 1027 1320 1092 Kal.

219 1128 341 1214 Aprilis
363 1150 446 1194 anno
468 1129 532 1194 V.“
556 1129 590 1195 id
613 1139 663 1196 eet
685 1127 808 1194 Christi
833 1128 927 1198 1248.

264 1284 269 1301 .
306 1234 337 1300 2.
373 1232 501 1299 Deinde
523 1231 610 1320 apud
630 1231 809 1298 Robertum
832 1231 952 1314 Salam,
976 1229 1109 1300 Ordinis
1127 1231 1323 1300 0161666166-

217 1334 278 1416 616,
307 1334 340 1398 16
367 1334 527 1402 Vaticana
553 1334 755 1402 Bibliotheca
782 1335 859 1402 olim
889 1333 1103 1421 scriptorem,
1131 1335 1215 1402 haec
1244 1334 1323 1423 legi·

218 1439 384 1521 Π1115676).
1072 1457 1075 1462 -

308 1540 513 1624 ,Urbanus
526 1541 639 1608 VIII.
657 1543 789 1608 Missale
804 1543 980 1630 Illyricum,
1003 1542 1210 1608 emendatum
1232 1542 1327 1608 iuxta

218 1643 360 1708 Missalis
378 1642 516 1708 Romani
538 1667 596 1710 suo
618 1645 708 1710 iussu
729 1646 824 1729 paulo
848 1653 922 1710 ante
943 1645 1101 1731 recogniti
1122 1643 1325 1710 emendatio-

217 1758 289 1810 ne'm
302 1754 336 1812 et
350 1746 601 1830 reformationes,
625 1746 865 1814 charactere
881 1746 916 1814 S.
932 1747 1175 1832 Hieronymi
1198 1747 1325 1833 vulgo

216 1858 445 1935 nuncupato
474 1869 513 1914 ac
535 1849 646 1937 lingua
660 1850 833 1918 Slavonica
849 1851 937 1937 typis
958 1849 1010 1914 edi
1024 1849 1207 1916 mandavit:
1232 1852 1327 1916 errius

216 1953 360 2040 vestigiis
382 1950 551 2018 inhaerens
571 1953 838 2019 Innocentius
852 1953 899 2018 X.
918 1965 1094 2035 successor,
1116 1951 1326 2018 Breviarium

216 2056 313 2120 etiam
328 2053 533 2122 Slavonicum
555 2055 668 2122 eodem
690 2055 874 2122 charactere
897 2064 930 2120 et
951 2053 992 2120 ad
1006 2055 1143 2121 formam
1158 2055 1326 2121 Breviarii

215 2158 328 2224 Latini
353 2159 386 2222 io
413 2157 611 2242 praedictam
639 2159 781 2246 linguam
806 2158 997 2242 impressum
1017 2157 1215 2242 approbavit
1238 2181 1327 2224 anno

218 2261 314 2328 1618.
336 2282 375 2323 66
397 2260 484 2345 typis
507 2257 626 2326 Sacrae
642 2257 803 2347 Congreg.
827 2258 868 2325 de
889 2258 1106 2347 Propaganda
1126 2258 1214 2328 Fide
1240 2283 1326 2328 anno

218 2363 312 2432 1688.
336 2360 441 2429 denno
463 2361 584 2429 editum
607 2367 688 2427 est“.
711 2372 772 2430 ete.

305 2466 336 2534 3.
380 2463 473 2531 Idem
502 2487 628 2550 quoque
649 2465 860 2532 Innocentius
876 2464 923 2530 Χ.
952 2465 986 2530 16
1007 2465 1107 2535 Brevi
1129 2467 1222 2551 quod
1244 2467 1325 2534 Bre-

215 2571 317 2636 viario
334 2568 501 2636 Romano·
510 2567 701 2638 sclavonico
724 2591 752 2634 a.
771 2569 867 2638 1688.
890 2569 1100 2656 praemissum
1123 2572 1255 2654 est⁴⁸⁰),
1278 2572 1326 2636 in-

215 2683 265 2740 ter
286 2673 349 2738 alia
371 2673 498 2740 scribit:
1380 2665 1381 2674 ’

305 2774 435 2860 „Quum
456 2776 555 2864 igitur
568 2775 771 2864 Illyricarum
792 2777 946 2865 gentium,
969 2799 1050 2862 quae
1072 2776 1171 2862 longe
1193 2778 1327 2861 lateque

214 2903 273 2966 per
293 2879 459 2965 Europam
487 2879 632 2946 diffusae
649 2889 725 2957 sunt
752 2889 847 2965 atque
873 2879 914 2944 ab
942 2879 1021 2964 ipsis
1047 2879 1203 2962 gloriosis
1232 2882 1328 2967 Apo·

215 2984 369 3050 stolorum
396 2984 602 3071 Principibus
629 2985 728 3050 Petro
763 2991 796 3050 et
825 2982 928 3048 Paulo
962 2980 1167 3066 potissimum
1197 2980 1330 3049 Christi

214 3087 311 3151 fidem
340 3085 474 3154 edoctae
500 3089 645 3170 firerrmt,
672 3087 800 3152 libros
830 3105 968 3152 sacros
996 3083 1071 3148 iam
1098 3083 1197 3150 inde
1228 3109 1250 3152 a
1280 3087 1329 3152 D.

211 3189 455 3278 ¹Hieronymi
476 3190 742 3278 temporibus,
764 3195 808 3254 ut
828 3195 1066 3273 pervetusta
1088 3185 1137 3256 ad
1161 3211 1237 3254 nos
1260 3189 1329 3256 de·

213 3294 312 3360 tulit
339 3293 533 3378 traditio,
560 3295 611 3361 vel
640 3301 726 3358 certe
754 3313 774 3356 a
802 3291 993 3378 pontificatu
1019 3291 1072 3356 fel.
1099 3311 1166 3356 rec.
1191 3290 1329 3360 Ioannis

213 3419 317 3484 papae
333 3397 429 3464 VIIL
453 3395 707 3482 praedecessoris
728 3395 846 3479 nostri,
869 3396 918 3460 uti
940 3417 981 3459 ex
1002 3392 1146 3460 eiusdem
1169 3393 1253 3460 data
1276 3419 1328 3462 su·

213 3521 272 3584 per
299 3523 337 3564 ea
364 3523 399 3566 re
429 3501 637 3586 epistola⁴⁸¹)
661 3506 803 3582 constat,
838 3499 902 3564 ritu
925 3496 1053 3582 quidem
1082 3493 1240 3566 Romano
1271 3497 1327 3566 sed

284 3727 352 3792 176)
376 3731 403 3781 16
428 3729 651 3781 observationibus
674 3732 707 3781 ad
731 3731 872 3782 0661166116
894 3730 997 3782 Ioannis
1019 3729 1096 3780 Bona
1116 3731 1181 3784 Iter.
1200 3733 1325 3796 marga.

213 3819 290 3870 liraI
308 3816 393 3883 eapti
412 3818 461 3877 „de
483 3817 558 3868 varus
580 3819 670 3869 ritibus
687 3818 818 3868 Ecclesiae
835 3815 1000 3879 Orienmliff,
1018 3814 1040 3875 §.
1055 3815 1084 3866 t:
1113 3817 1212 3880 „Quae
1237 3827 1325 3883 gentas

175 3961 187 3980 Ι
212 3906 299 3970 lingua
319 3907 421 3970 Illyrica
437 3906 529 3954 MIssss
552 3903 654 3968 agant“.
683 3905 795 3956 Tom.1.
823 3904 955 3967 Augustae
973 3903 1157 3965 Taurinorum,
1186 3921 1223 3955 ex
1241 3907 1326 3970 'rypo-

213 3993 319 4054 graphia
330 3993 419 4056 Regia,
440 3989 516 4042 1717.
534 3991 663 4056 pag.152.
677 3987 756 4055 (apud
773 3991 962 4040 Assemannum
979 3989 996 4038 l.
1006 4001 1028 4038 c.
1047 3995 1108 4038 tom.
1120 3988 1169 4050 lv,
1189 4005 1253 4055 pag.
1265 3988 1326 4040 411.

212 4074 296 4138 med.)

284 4161 352 4224 Iso)
371 4165 417 4214 cfr.
436 4165 624 4215 Assemannum
641 4165 658 4214 l.
671 4177 694 4213 c.
712 4169 773 4214 tom.
786 4161 807 4222 I,
825 4173 883 4224 pag.
899 4156 958 4209 118.
1058 4193 1060 4200 .

283 4241 352 4307 481)
370 4251 490 4302 Iohannis
509 4251 578 4302 VIII.
598 4250 706 4313 epistola
727 4249 760 4298 ad
782 4245 941 4296 Methodium
963 4244 1111 4310 archiepisc.
1128 4244 1326 4300 Pannoniemh
