2780 5092
588 441 651 510 175

158 613 201 678 V.
248 613 336 696 Quid
359 613 458 700 ergo?
495 612 560 677 Pro
584 612 618 680 S.
643 611 842 702 Hieronymo
871 624 1001 680 anctore
1023 615 1170 704 Glagoli-

12 753 15 796 ,
66 720 205 780 ticarum
239 715 416 782 litterarum
448 739 592 804 pugnare
626 717 765 802 primum
793 714 933 782 vidimus
962 717 1170 787 Sclavenioas
1274 715 1286 734 i

66 819 214 884 nationes
240 818 341 904 ipsas,
369 819 484 885 deinde
514 821 610 884 etiam
638 819 792 886 librorum
820 820 1020 904 testimonia,
1053 823 1169 906 quibus

12 937 13 980 l
64 924 113 987 ita
134 924 184 988 usi
207 943 332 1006 sumus,
365 931 402 988 ut
423 923 579 988 Arbensis
601 921 730 988 Nicolai
751 923 865 988 verbis
886 933 1041 1009 appareat
1063 947 1170 990 sacro-

64 1049 137 1090 rum
161 1023 309 1091 eodicum
331 1027 509 1092 versionem
529 1019 594 1090 iam
617 1027 756 1112 septimo
776 1027 912 1092 fortasse
934 1027 1064 1095 sacculo
1083 1027 1169 1114 apud

66 1129 203 1196 Sclavcs
232 1129 393 1211 extitisse,
422 1137 454 1193 et
470 1139 517 1194 »ut
539 1127 661 1196 codIois
683 1125 829 1194 Cloziani
851 1131 1040 1196 auctoritate
1063 1139 1169 1196 osten-

63 1231 173 1313 datur,
196 1231 490 1316 interpretationem
512 1233 600 1298 illam
623 1233 812 1301 Sclavorum
835 1233 984 1319 opinione
1006 1233 1048 1298 ad
1070 1235 1168 1300 alium

61 1335 187 1398 nullum
202 1331 418 1398 reducendam
432 1355 501 1400 esse
515 1336 577 1399 nisi
594 1335 635 1400 ad
651 1335 806 1404 Sanctum
820 1333 1064 1424 Hieronymum.
1098 1336 1169 1402 Iam

61 1460 142 1502 vero
165 1435 229 1500 alia
250 1435 408 1519 quaedam
430 1438 611 1504 testimonia
627 1439 719 1506 nobis
734 1438 896 1505 afferenda
910 1448 996 1523 sunt,
1019 1461 1082 1524 quo
1097 1439 1168 1525 plu·
1226 1457 1227 1462 ’

61 1539 153 1604 ribus
176 1539 374 1625 argumentis
394 1540 586 1606 insistamus·

151 1641 281 1708 Etenim
304 1639 346 1706 de
368 1641 404 1708 S.
419 1641 618 1732 Hieronymo
634 1645 898 1713 Sclavonioarum
920 1646 1099 1711 litterarum
1120 1645 1169 1708 iu-

62 1753 197 1809 ventore
217 1743 355 1808 dubitari
377 1753 488 1810 vetant
508 1749 663 1831 epistolae
683 1749 887 1832 pontificum:
915 1749 1095 1814 Innocentii
1107 1747 1169 1829 IV,

65 1845 372 1930 ClementisVI⁴⁴³),
383 1846 478 1911 Pauli
488 1847 524 1912 II
532 1850 599 1932 ⁴⁷⁴),
610 1848 737 1914 Urbani
744 1849 841 1929 VIII,
854 1847 1028 1913 Clementis
1039 1851 1168 1932 XI⁴⁷⁵),

12 1939 23 2000 1
61 1951 245 2016 Innocentii
266 1949 312 2034 X,
335 1949 504 2015 Benedicti
526 1949 615 2016 XIII
628 1952 696 2034 ⁴⁷⁶),
720 1949 855 2035 denique
877 1949 1047 2014 Benedicti
1069 1951 1168 2016 XIV.

62 2051 176 2136 Quare
203 2053 289 2119 haud
317 2053 461 2138 iniquum
488 2061 545 2118 aut
566 2055 607 2120 ab
629 2077 664 2119 re
687 2054 824 2119 alienum
847 2073 917 2118 esse
938 2051 1083 2135 videtur,
1113 2075 1169 2118 eos

54 2157 270 2246 ⁸epistolarum
292 2156 456 2234 locoshic
479 2177 656 2243 apponere,
680 2159 735 2242 qui
759 2157 866 2244 paullo
884 2157 1036 2228 maiorem
1058 2163 1169 2220 aucto-

60 2259 342 2326 ritatemhabent.
531 2341 532 2346 ἵ
853 2297 863 2306 ω

154 2363 182 2428 1.
228 2361 496 2428 Innocentius
525 2362 592 2426 IV.
614 2362 670 2425 lib.
695 2366 724 2426 5.
759 2361 898 2446 Epistol.
922 2364 1072 2446 75¹2.⁴⁷²)
1110 2361 1170 2430 Se·

59 2464 233 2548 mensim)
257 2465 426 2549 episcopo,
453 2470 491 2526 ut
517 2463 551 2526 in
572 2461 701 2526 Divinis
728 2461 843 2526 officiis
864 2462 953 2527 libris
974 2461 1169 2529 Sclavonico

59 2570 249 2635 charactere
272 2566 411 2632 exaratis
432 2573 575 2642 uteretur
595 2565 646 2630 his
668 2563 776 2629 verbis
798 2564 959 2650 permisit=
991 2565 1169 2648 „Porrecto
1191 2579 1193 2588 “

59 2675 156 2740 nobis
178 2681 236 2738 tua
257 2671 372 2758 petitio
396 2669 589 2751 continebat,
612 2666 717 2752 quod
739 2667 779 2732 in
802 2668 993 2734 Slavonia
1015 2673 1077 2734 est
1097 2668 1181 2733 lit·

60 2786 150 2842 tera
179 2774 389 2861 specialis,
420 2795 534 2858 quam
561 2771 676 2836 illius
705 2778 836 2836 tarrae
866 2771 1075 2840 clericiss
1098 2771 1169 2836 ha-

58 2881 156 2946 bere
179 2901 199 2942 a
219 2878 259 2942 B.
283 2878 532 2963 Hieronymo
563 2882 810 2955 asserentes,
842 2895 924 2938 eam
946 2877 1168 2940 observant

56 2985 101 3047 in
124 2981 290 3045 Divinis
318 2981 481 3044 officiis
508 2975 778 3043 celebrandis·
824 2973 922 3040 Unde
950 2983 988 3039 ut
1013 2976 1168 3039 11118θῖ11·-

56 3084 162 3150 ciaris
191 3071 377 3162 conformis,
407 3089 440 3145 et
467 3089 570 3146 terrae
598 3077 876 3161 consuetudinem,
908 3079 942 3142 in
970 3101 1034 3164 qua
1057 3079 1168 3144 existis

55 3184 236 3272 episeopus
257 3180 405 3265 imiteris,
435 3183 615 3250 celebrandi
631 3183 753 3248 Divina
774 3181 949 3248 secundnm
970 3183 1092 3248 dictam
1114 3183 1168 3248 lit-

55 3301 166 3354 teram
190 3307 209 3349 a
230 3283 336 3350 Nobis
358 3285 543 3372 suppliciter
563 3288 725 3354 licentiam
748 3287 928 3374 postulasti.
973 3287 1045 3354 Nos
1066 3287 1166 3374 igitur

134 3464 203 3527 473)
222 3465 268 3516 cfr.
286 3466 399 3520 Debuer.
418 3467 539 3534 Lapag.
555 3468 613 3518 122.

134 3549 202 3613 474)
222 3552 268 3602 cfr.
286 3553 372 3602 Rosea
389 3552 406 3602 l.
419 3569 441 3602 c.
459 3569 517 3617 pag.
531 3552 591 3604 246.
610 3562 671 3604 tom.
684 3557 716 3604 11.

133 3635 201 3699 175)
221 3639 266 3688 cfr.
285 3639 398 3688 Dobner.
417 3639 433 3687 l.
444 3654 466 3688 o.
484 3654 543 3702 pag.
554 3638 613 3689 122.

132 3719 202 3782 476)
221 3725 267 3773 eir.
286 3725 399 3774 Dobnen
418 3725 434 3772 l.
445 3739 467 3773 c.
485 3724 614 3787 pag.122.

132 3806 201 3870 177)
220 3810 288 3874 apud
311 3809 469 3873 Raynsldum
491 3811 518 3860 in
539 3810 682 3860 Annalibus
706 3813 890 3864 Ecclesiasticus
914 3814 947 3860 ad
969 3825 1064 3862 annum
1090 3806 1165 3858 1218.

60 3911 131 3946 num.
144 3895 200 3945 LII.

133 3979 202 4044 178)
221 3981 265 4033 sio
287 3995 346 4031 enm
368 3981 498 4032 DobrovIo
521 3979 681 4049 (Glagolin'o.
704 3997 762 4048 pag.
784 3981 841 4044 16.)
864 3983 1000 4046 legendum
1021 3995 1068 4045 pro
1092 3979 1165 4029 See·

60 4069 163 4117 mensi
182 4069 250 4130 qnod
269 4069 376 4132 epistola
393 4067 437 4118 illa
455 4070 564 4120 exhibet.
595 4070 672 4122 Seme
690 4072 770 4132 enim,
788 4071 828 4120 vel
846 4068 940 4132 Segnia
958 4062 1046 4126 (hodie
1065 4063 1164 4130 Zengh)

59 4155 122 4202 urbs
144 4155 244 4218 Illyriae
267 4155 299 4204 ad
321 4169 390 4204 mare
408 4155 581 4210 Hadriaticum
604 4157 659 4206 sits
696 4157 870 4206 clr.Pliniu1a
892 4156 919 4203 in
937 4152 1033 4204 Hister.
1052 4153 1163 4204 Natural.

59 4241 105 4290 lib.
118 4241 163 4302 111,
182 4253 236 4306 esp.
256 4239 298 4291 21.
317 4247 378 4294 sset
391 4239 433 4292 25,
