2784 5106
774 501 814 570 12

241 677 338 744 Gnrt.
362 677 505 764 Parthey
528 685 561 743 et
583 675 716 742 Maurit.
737 675 858 742 Pinder
872 677 938 759 ¹⁰²),
969 673 1139 743 Santarem
1154 676 1223 758 ¹⁰³),
1250 676 1369 744 Bern-

240 781 345 868 hardy
357 783 425 865 ¹⁰⁴),
448 777 623 846 Christian.
645 781 799 847 Peterson
813 782 879 866 ¹⁰⁵),
901 779 1131 845 D’Avezacius
1143 780 1212 862 ¹⁰⁰).

330 883 478 968 Quorum
505 883 648 950 virorum
677 884 717 950 de
740 885 881 950 Aethico
904 881 1148 970 Cosmographo
1170 887 1365 952 sententias

239 989 304 1053 iam
326 989 435 1054 oblata
457 987 583 1053 dnobus
606 987 722 1052 abhinc
745 988 835 1052 annis
857 990 1025 1053 occasione
1039 987 1147 1072 paullo
1163 991 1364 1056 accuratius

240 1092 461 1178 exposuimus:
485 1113 565 1175 quas
588 1113 628 1156 ex
650 1091 776 1177 integro
790 1091 854 1156 hoc
868 1092 942 1156 loeo
956 1113 1122 1156 recensere
1136 1091 1275 1178 longum
1293 1103 1362 1176 est,

238 1217 299 1260 neo
319 1195 419 1260 ullum
441 1193 514 1258 inde
537 1193 746 1280 disputationi
767 1202 896 1259 nostrae
917 1195 1058 1260 fructum
1079 1216 1250 1280 possumus
1274 1219 1360 1280 per-

239 1297 356 1383 cipere.
402 1297 532 1363 Etenim
555 1319 653 1382 quum
676 1297 710 1362 in
731 1298 826 1364 rebus
849 1298 920 1364 aliis
942 1307 1012 1366 tum
1034 1299 1067 1362 in
1088 1298 1129 1362 iis
1152 1306 1239 1364 certe
1262 1321 1360 1383 quae

238 1400 365 1465 nonnisi
387 1423 505 1488 magno
527 1401 599 1466 nisu
620 1423 723 1484 neque
738 1401 833 1466 facile
849 1401 1075 1485 diiudicentur,
1095 1402 1152 1467 ubi
1168 1402 1359 1486 quidquam

238 1503 288 1568 vis
310 1505 476 1589 proficere,
497 1503 638 1570 fontibus
659 1503 739 1588 ipsis
753 1504 814 1568 tibi
835 1505 1034 1570 innitendum
1057 1507 1132 1588 erit;
1155 1529 1194 1572 ex
1214 1505 1272 1572 his
1289 1509 1358 1596 igi-

237 1614 292 1671 tur
315 1628 396 1690 quae
419 1606 598 1692 colligenda
619 1628 687 1672 csse
702 1606 785 1670 infra
801 1607 1100 1694 demonstrabimus,
1122 1611 1357 1697 sirenosum,

237 1709 303 1772 iam
325 1709 397 1774 aliis
419 1710 614 1798 argumentis
635 1710 730 1774 nullis
752 1733 834 1795 opus
857 1720 916 1796 est,
939 1721 976 1777 ut
994 1712 1162 1780 doctorum
1177 1713 1354 1782 hominum

238 1811 279 1876 de
306 1812 447 1879 Aethico
475 1813 648 1881 sententias
683 1835 802 1901 magna
835 1825 996 1904 exparte
1024 1841 1044 1883 a
1072 1841 1148 1885 vero
1176 1819 1354 1886 aberrasse

237 1917 451 1984 ostendamus.

692 2132 891 2143 ——n———n—

630 2331 851 2468 CAPVT
886 2334 946 2448 Π.

323 2539 466 2624 Aethici‚
489 2562 583 2626 quem
604 2541 721 2626 ferunt,
745 2541 1034 2632 Oosmographiam
1057 2535 1250 2604 adverbum
1271 2538 1350 2608 fere

237 2643 415 2708 consentire
431 2665 503 2707 cum
517 2645 688 2732 Excerptis
703 2643 780 2709 Iulii
794 2647 931 2711 Honorii
947 2645 1104 2726 Oratoris‚
1127 2641 1174 2704 ita
1194 2648 1232 2705 ut
1253 2639 1345 2710 idem

237 2765 318 2827 opus
347 2765 417 2809 esse
445 2745 608 2832 videatur,
637 2769 734 2832 quum
761 2770 802 2812 ne
825 2748 917 2824 villurn
944 2745 1072 2829 quidem
1093 2743 1197 2829 possit
1217 2743 1344 2833 fugere,

237 2846 294 2930 qui
313 2854 485 2933 utrumque
511 2850 628 2918 librum
656 2850 793 2918 strictim
820 2856 945 2914 tantum
971 2856 1067 2932 atque
1087 2847 1201 2913 leviter
1223 2851 1342 2939 attige-

236 2949 289 3035 rit,
312 2973 331 3014 a
352 2951 460 3019 multis
481 2954 558 3021 viris
580 2966 614 3021 et
636 2953 829 3021 doctissimis
850 2951 915 3018 ndn
936 2975 1000 3018 uno
1020 2953 1094 3018 loco
1117 2953 1340 3021 confirmatum

307 3182 375 3246 102)
392 3186 506 3238 Itinernr.
520 3188 645 3240 Antonini
663 3188 703 3238 ed.
723 3187 754 3239 G.
772 3187 882 3252 Parthcy
905 3195 930 3238 ct
947 3189 983 3240 M.
996 3188 1097 3240 Pinder.
1127 3189 1240 3239 Berolini
1258 3186 1333 3239 1848.

236 3264 272 3318 8⁰.
302 3270 412 3322 Praefat.

307 3355 373 3421 103)
392 3360 465 3410 Essai
488 3376 531 3410 sur
553 3361 675 3430 l’histoire
699 3361 730 3410 de
754 3363 779 3411 la
798 3361 1000 3426 cosmographie
1019 3370 1045 3413 et
1062 3364 1094 3413 do
1112 3363 1137 3412 la
1148 3359 1332 3424 Cartographie

235 3445 346 3504 pendant
362 3448 386 3496 le
404 3463 565 3512 moyen-age
584 3456 631 3498 etc.
658 3445 754 3497 3v0n.
782 3447 820 3499 8⁰.
843 3447 919 3500 Paris
938 3446 1132 3499 1849-1852.
1156 3443 1200 3491 cfr.
1210 3444 1315 3496 Indicos.

307 3528 374 3591 104)
394 3533 528 3582 Grundriss
551 3534 596 3584 der
613 3535 768 3586 Rdmischen
785 3537 925 3599 niteretur,
948 3537 1035 3585 zweite
1052 3527 1229 3589 Bearbeitung.
1257 3531 1330 3584 Halle

237 3611 313 3663 1850.
344 3610 380 3664 ss
411 3633 468 3681 pag.
483 3618 543 3668 su.
564 3618 623 3670 sas.
659 3621 873 3689 Anmerkg.523.
1059 3609 1061 3614 '

307 3697 374 3760 105)
394 3701 460 3759 „Die
478 3705 681 3770 Kosmographie
700 3711 745 3760 des
763 3713 867 3760 Kaiscrs
885 3705 1015 3764 Augustus
1038 3700 1090 3747 und
1112 3699 1152 3748 die
1170 3699 1328 3755 Kommenta.

236 3789 290 3838 rien
308 3787 352 3836 des
364 3787 504 3851 Agrippa“.
523 3791 550 3838 in
561 3791 628 3842 Mus.
640 3795 763 3843 Rhenano
783 3801 830 3843 etc.
848 3785 1017 3846 Nenenene,
1037 3783 1061 3834 8.
1074 3784 1217 3849 Jahrgengs
1229 3785 1251 3836 2.
1260 3789 1326 3854 Hcft,

235 3889 293 3938 pag.
307 3871 463 3924 161-210.
483 3881 509 3923 et
527 3873 551 3923 3.
564 3875 634 3938 Heft‚
652 3894 709 3943 pag.
723 3873 880 3926 377-400.
910 3871 1013 3920 Franks.
1026 3887 1048 3920 a.
1058 3873 1094 3921 M.
1115 3871 1191 3923 1852.
1221 3871 1254 3924 8⁰.

307 3957 373 4023 100)
394 3961 534 4022 „thoire
553 3975 595 4010 sur
612 3951 719 4014 Ettrions
738 3968 763 4010 et
780 3976 824 4010 sur
840 3961 877 4009 les
896 3972 1018 4020 ouvrages
1032 3957 1273 4023 Cosmographiquos
1288 3964 1324 4012 in-

235 4043 318 4094 titules
336 4050 368 4097 de
386 4064 416 4099 oe
433 4063 502 4108 nom,
521 4061 567 4110 par
584 4049 619 4096 M.
638 4044 788 4098 d’Arezac“.
807 4046 845 4094 in:
869 4044 1006 4093 Memoires
1025 4046 1056 4094 de
1074 4045 1211 4096 l'Aoadtm.
1229 4047 1269 4096 des
1284 4049 1323 4098 In-

235 4130 319 4192 script.
333 4139 379 4182 etc.
403 4150 482 4198 prem.
496 4133 574 4195 Sene,
594 4142 654 4185 tom.
666 4135 698 4183 11.
722 4132 793 4179 Paris
808 4129 883 4180 1852.
902 4121 938 4179 4⁰.
964 4146 989 4193 p.
1000 4129 1156 4182 230-551.
1180 4134 1223 4184 cfr.
1241 4136 1320 4185 ctiam:

234 4216 290 4266 Tho
307 4216 422 4283 Liternry
441 4220 545 4274 Gazette
566 4222 617 4270 and
634 4216 742 4270 Journal
766 4216 796 4265 os
810 4217 895 4266 Belles
913 4217 1026 4279 Lauros,
1048 4218 1122 4280 Arm,
1145 4219 1256 4272 Scionoes
1276 4229 1318 4274 cte.

237 4301 313 4354 1841.
332 4299 369 4355 4⁰.
399 4306 516 4369 houden,
536 4309 668 4368 sitandan
687 4303 808 4356 Novemb.
821 4301 864 4354 20.
895 4318 952 4367 pag.
967 4302 1026 4356 753.
1046 4303 1105 4356 754.
1123 4349 1134 4358 .,
