2784 5106
779 546 820 614 18

243 722 419 805 credimus,
449 729 487 787 ut
509 723 622 788 melius
643 723 690 788 ita
713 721 823 787 mundi
849 720 992 788 tabulam
1020 719 1169 807 discipuli
1191 727 1361 812 perspice-

243 837 325 911 rent,
349 827 439 897 cuius
461 825 541 890 nibil
563 825 629 891 fere
651 826 712 890 nisi
735 823 981 890 commentarius
1004 832 1068 904 est;
1099 824 1243 892 libellum
1273 831 1361 896 enim

243 931 284 998 ad
313 929 424 996 mundi
453 927 599 994 tabulam
633 929 792 1015 pertinere
826 952 866 995 ex
897 929 965 994 eius
997 927 1104 993 indole
1132 950 1192 994 nec
1220 953 1290 996 non
1323 957 1382 1008 ex,

245 1034 451 1122 „Sphaerae“
476 1031 603 1096 nomine
627 1040 770 1117 apparet,
793 1031 891 1116 idque
913 1053 1035 1119 paucos
1057 1042 1131 1098 ante
1153 1055 1256 1100 annos
1275 1035 1362 1102 bene

243 1135 475 1204 demonstravit
489 1127 674 1198 Fridericirs
689 1132 818 1201 Ritschl
832 1136 897 1218 ¹¹⁵).
936 1136 1074 1201 Fallitur
1094 1144 1203 1202 tamen
1217 1137 1281 1203 Vir
1297 1139 1362 1207 Sa·

244 1239 451 1329 gacissimus,
481 1237 510 1303 si
532 1234 823 1324 Cosmographiam
848 1247 943 1326 putat
965 1241 1007 1306 ad
1029 1241 1239 1328 Agrippae
1260 1243 1361 1308 tabu-

243 1346 306 1410 lam
329 1341 539 1428 compositam
562 1340 676 1406 firisse:
706 1363 789 1426 quae
817 1365 869 1409 res
898 1343 999 1410 exiis
1022 1345 1134 1410 saltem
1157 1349 1361 1434 argumentis

243 1445 445 1533 comprobari
460 1467 524 1510 non
538 1451 657 1529 potest,
681 1466 762 1529 quae
778 1469 797 1509 a
812 1445 989 1513 Ritsehelio
1005 1447 1187 1514 afferuntur.
1219 1449 1361 1517 Etenim

244 1548 384 1615 fabulam
412 1547 499 1612 illam
531 1546 571 1611 de
593 1547 732 1613 universi
756 1547 855 1615 Orbis
878 1550 1091 1636 dimensione,
1120 1574 1214 1637 quarn
1237 1553 1361 1640 reliqui

244 1651 401 1720 secundae
425 1658 520 1735 atque
541 1649 656 1715 tertiae
683 1653 877 1720 recensionis
906 1653 1035 1720 codices
1060 1656 1101 1721 ad
1123 1679 1221 1722 unum
1243 1679 1362 1726 omnes

244 1756 411 1837 exhibent,
443 1754 482 1819 in
510 1753 609 1819 Iulii
640 1751 835 1823 Oratoris
868 1759 1093 1845 exemplari
1121 1782 1197 1826 non
1226 1761 1361 1828 fuisse

245 1869 333 1926 certo
356 1859 473 1924 certius
496 1867 554 1922 est.
604 1854 705 1924 Cuius
727 1861 774 1925 rei
795 1862 898 1927 multa
920 1872 1107 1950 argumenta
1128 1871 1265 1929 exstant.
1312 1865 1361 1931 Et

246 1965 383 2052 primum
405 1961 534 2048 quidem
557 1960 640 2026 infra
662 1965 770 2048 paullo
793 1967 974 2032 accuratius
997 1967 1212 2051 ostendemus,
1235 1991 1277 2034 ex
1294 1992 1361 2054 qno

245 2070 334 2134 fonte
357 2075 484 2151 sumpta
506 2065 540 2128 in
562 2066 722 2132 secundae
744 2070 937 2133 recensionis
953 2069 1052 2134 libros
1067 2071 1232 2155 irrepsisse
1246 2072 1362 2138 videa·

243 2179 312 2252 tur3
341 2168 456 2235 deinde
478 2188 555 2232 vero
579 2191 619 2232 ex
641 2169 720 2255 ipsis
743 2168 874 2237 editoris
896 2168 1002 2234 verbis
1024 2178 1130 2255 patet,
1153 2173 1298 2240 fabulam
1323 2177 1363 2242 il·

245 2275 310 2338 lam
332 2274 366 2336 in
387 2270 461 2337 Iulii
484 2267 639 2338 Oratoris
657 2271 912 2360 Oosmographia
937 2271 1077 2336 nondum
1099 2273 1241 2340 infuisse.
1290 2279 1365 2344 Ex·

247 2385 358 2464 cerpta
381 2376 463 2442 enim
492 2375 646 2459 marium,
675 2375 847 2441 insularum
870 2384 931 2440 oet.
954 2395 1035 2460 quae
1057 2375 1090 2438 in
1113 2375 1241 2456 reliquis
1266 2381 1366 2447 codi-

245 2478 336 2548 cibus
358 2502 430 2547 cum
456 2479 675 2564 „dimensione
696 2480 838 2548 universi
860 2477 964 2547 orbis“
994 2479 1042 2544 ita
1069 2499 1191 2564 semper
1219 2481 1368 2550 coniun.

245 2595 377 2674 guntur,
405 2593 443 2651 ut
465 2586 533 2652 eius
563 2583 655 2668 quasi
686 2607 811 2653 summa
839 2607 908 2651 esse
930 2583 1113 2649 videantur:
1144 2601 1187 2646 ea
1207 2599 1286 2644 non
1312 2587 1366 2652 ab

243 2691 335 2774 ipso
356 2687 467 2752 Iulio
488 2685 688 2767 Honorio,
718 2686 788 2750 sed
817 2687 864 2751 ab
894 2687 977 2752 eius
1001 2685 1207 2769 discipulo
1229 2689 1364 2774 magi-

244 2791 321 2856 stri
349 2789 464 2875 operi
493 2788 655 2854 adiecta
683 2793 784 2856 sunt.
832 2783 942 2866 Quare
965 2787 1061 2851 etiem
1085 2786 1112 2850 si
1133 2786 1216 2850 forts
1240 2808 1362 2856 conoe-

246 2892 385 2959 dendum
408 2900 502 2976 essct,
527 2890 797 2976 „dimensionem“
813 2888 900 2954 illam
917 2886 1190 2976 Cosmographiae
1206 2890 1247 2956 ab
1262 2891 1360 2960 initio

245 2998 389 3064 additam
410 2997 525 3081 luisse,
547 3006 656 3063 tamen
678 3018 743 3061 non
766 2993 806 3058 ab
829 2992 898 3077 ipso
921 2990 1084 3076 Honorio,
1107 2993 1165 3059 sed
1186 3001 1315 3061 tantum
1341 3022 1360 3064 a

245 3103 401 3189 discipulo
425 3101 586 3167 adiectam
610 3122 680 3164 eam
704 3098 891 3162 diceremus.
939 3093 1036 3177 Quod
1058 3104 1166 3163 tamen
1189 3121 1247 3164 cur
1267 3101 1358 3166 nullo

244 3204 342 3270 modo
364 3204 604 3271 concedendum
628 3202 680 3286 sit,
702 3201 767 3266 iam
789 3222 847 3265 suo
869 3199 941 3266 loco
958 3199 1255 3268 demonstrabimus.
1292 3201 1357 3269 Oe·

244 3317 348 3374 terum
370 3305 536 3396 Excerpta
564 3307 619 3372 illa
647 3329 712 3370 non
738 3303 873 3390 abipso
898 3307 1054 3394 magistro
1079 3305 1357 3394 Cosmographiae

245 3413 415 3480 subiuncta
437 3435 523 3496 esse,
547 3407 633 3495 quod
655 3431 695 3472 ex
716 3405 796 3493 ipsis
819 3411 1017 3497 excerptoris
1039 3411 1145 3476 verbis
1166 3409 1276 3493 patet,
1290 3410 1355 3475 iam

245 3539 284 3608 ea
306 3539 346 3581 ex
368 3539 403 3581 re
431 3515 606 3602 colligitur,
636 3507 724 3594 quod
753 3510 869 3580 iterum
899 3524 996 3601 atque
1024 3515 1139 3577 iterum
1166 3508 1354 3597 discipulus

247 3640 287 3682 ne
311 3617 350 3683 ab
375 3617 521 3705 Sphaera
546 3635 699 3700 umquam
726 3606 915 3706 separentur
942 3623 1066 3681 monet:
1095 3610 1130 3676 id
1157 3612 1245 3697 quod
1267 3626 1354 3682 certe

246 3742 328 3806 opus
355 3743 419 3786 non
447 3729 533 3803 erat,
562 3718 590 3784 si
620 3719 660 3786 ab
682 3719 767 3788 Iulio
790 3722 927 3789 Oratore
956 3716 1092 3802 scripta,
1119 3716 1219 3782 totius
1247 3720 1354 3806 operis

247 3825 428 3891 necessaria
450 3824 540 3911 qnasi
563 3847 639 3910 pars
660 3825 803 3890 firissent.

337 3931 367 3998 2.
406 3928 499 3994 Haec
521 3929 631 4015 igitur,
653 3934 690 3992 ut
708 3922 844 4004 videtur,
866 3941 943 3985 vera
959 3916 1232 4011 Cosmographiae
1250 3927 1354 3993 forma

249 4039 334 4112 erat,
361 4041 398 4097 ut
421 4030 669 4115 descriptionem
692 4033 828 4112 quatuor
850 4045 1041 4090 oceanorum
1067 4026 1134 4094 sine
1156 4029 1221 4094 ulla
1242 4039 1353 4098 aucto·

248 4131 292 4196 ris
316 4136 513 4216 praefatione
542 4133 807 4219 complecteretur
834 4133 868 4191 et
895 4128 1093 4215 compendiis
1120 4132 1184 4200 illis
1212 4133 1251 4200 in
1272 4135 1352 4202 fine

326 4355 388 4419 115)
408 4359 434 4407 in
452 4359 542 4408 Museo
561 4362 683 4411 Rhenano
705 4351 779 4406 18⁴2.
798 4356 814 4404 l.
834 4375 855 4406 ο,
