2780 5092
740 464 804 530 154

219 635 391 701 lieillimam
413 635 592 717 absolvam,
621 634 763 721 Scythae
786 633 991 700 orientalibus
1006 633 1194 714 *nationibus
1217 631 1311 698 adnu-

221 737 365 804 merandi
387 746 476 819 sunt,
498 746 536 802 ut
558 735 669 802 Hunni
692 746 724 802 et
746 737 909 824 Mongoli‚
931 736 1069 824 Iazyges
1090 758 1167 801 vero
1190 733 1312 802 Sarma·

220 849 334 924 tueque
355 839 504 926 gentibus
526 839 565 904 iis
587 862 666 924 quas
689 840 824 908 Solavos
844 838 940 905 hodie
965 839 1230 921 vocitamus³⁵⁷lz
1260 837 1313 904 has

220 952 326 1007 autem
348 942 504 1008 Histriam
528 950 560 1008 et
580 943 779 1008 Pannoniam
801 942 970 1009 incoluisse
992 950 1116 1008 eertum
1138 949 1196 1009 est.

306 1043 403 1110 Lieet
429 1045 512 1110 enim
541 1046 581 1111 de
603 1046 738 1112 vetustis
760 1067 869 1110 earum
890 1045 1034 1132 gentium
1054 1043 1131 1109 fatis
1152 1043 1233 1108 nihil
1254 1043 1315 1108 fere

221 1146 262 1210 ad
283 1169 342 1213 nos
364 1168 464 1232 usqne
485 1149 666 1232 pervenerit
677 1152 752 1232 ³⁶⁸),
780 1170 859 1232 quas
888 1147 1003 1232 quibus
1032 1148 1137 1212 oensis
1157 1152 1317 1232 permotae

220 1257 253 1314 et
275 1271 412 1335 quonam
436 1258 579 1335 tempore
599 1251 764 1338 Illyricum
787 1249 950 1316 obsedisse
971 1249 1175 1316 statuendum
1197 1249 1241 1314 sit
1262 1270 1317 1333 pro

220 1359 310 1418 oerto·
331 1375 395 1418 non
418 1354 645 1438 oomperimus:
667 1363 775 1420 tamen
797 1353 938 1419 dubitari
959 1376 1022 1420 non
1045 1361 1168 1439 potest,
1191 1350 1319 1420 Sarma·

220 1461 270 1519 tas
286 1463 401 1538 quarto
422 1455 552 1521 iamiam
574 1459 701 1523 saeoulo
717 1461 750 1523 in
765 1458 827 1522 illis
842 1457 1026 1544 regionibus
1039 1455 1211 1522 habitasse.
1245 1451 1320 1528 Non

218 1557 334 1638 loquor
355 1557 396 1623 de
419 1559 576 1625 Sarmatis
597 1560 636 1622 iis
658 1560 714 1641 qui
736 1580 819 1622 anno
842 1559 916 1626 334.
941 1559 1093 1640 usensis,
1116 1559 1173 1640 qsri
1194 1563 1229 1622 et
1243 1555 1321 1622 Sar·

218 1665 324 1720 metae
346 1658 546 1745 Limigantes
567 1660 785 1741 nominantur,
814 1658 920 1743 patrie
945 1681 985 1723 ex
1013 1657 1089 1724 sede
1118 1657 1202 1743 pulsi
1232 1654 1323 1722 Con-

219 1759 350 1824 stantini
365 1757 481 1847 Magni
502 1760 704 1846 providentia
725 1759 759 1824 in
780 1760 963 1843 Pannonia,
985 1758 1142 1841 Thracia,
1164 1758 1323 1826 Macedo-

218 1861 273 1926 nia
295 1870 328 1927 et
348 1862 446 1927 Italia
468 1862 629 1928 domicilia
650 1864 929 1947 aeceperunt³⁵⁹)‚
957 1870 990 1928 et
1010 1883 1090 1946 quos
1113 1859 1324 1928 Constantius

219 1963 401 2049 Imperator
422 1985 506 2030 anno
523 1966 599 2034 353.
621 1965 655 2030 in
676 1965 817 2050 patriam-
834 1963 963 2033 reduxit
973 1967 1046 2048 360);
1070 1964 1216 2048 quamvis
1237 1966 1323 2030 enim

220 2065 270 2131 M.
285 2065 399 2151 Haupt
411 2067 466 2150 811)
491 2087 564 2132 eum
586 2067 674 2131 hisee
695 2067 848 2132 Ethieum
871 2087 997 2149 quoque
1018 2067 1052 2132 in
1068 2065 1226 2132 Histriam
1249 2088 1325 2152 per·

221 2169 345 2234 venisse
369 2190 439 2232 eam
461 2169 503 2234 ob
526 2189 654 2234 eausam
677 2167 859 2249 coniecerit,
881 2169 969 2251 quod
983 2167 1081 2234 nobili
1095 2169 1248 2254 prosapia
1264 2190 1325 2252 pa-

220 2278 347 2334 rentum
361 2277 507 2334 exortum
523 2292 595 2336 eum
609 2270 707 2335 finisse
721 2268 938 2355 Hieronymus
956 2271 990 2336 in
1001 2266 1324 2356 Cosurographia³⁶²l

220 2371 397 2457 praedicat,
418 2379 526 2436 tamen
547 2374 611 2438 iam
635 2381 709 2438 ante
731 2395 848 2438 aunum
871 2373 946 2442 334.
967 2372 1122 2438 Ethieum
1145 2373 1179 2438 in
1197 2371 1326 2438 Histria

220 2474 339 2540 vixisse
362 2483 450 2540 oarto
472 2476 590 2541 eortius
612 2482 669 2540 eet.
704 2473 792 2558 Quin
815 2475 913 2540 etiam
936 2475 998 2540 alio
1018 2476 1092 2540 loeo
1113 2473 1326 2560 philosophus

220 2577 289 2663 ipse
312 2576 392 2644 dieit
413 2600 447 2644 se
469 2578 503 2644 in
523 2578 579 2643 illa
598 2577 765 2665 provincia
786 2586 897 2646 netum
919 2600 1003 2658 esse3
1027 2577 1139 2644 scribit
1157 2577 1323 2659 enim³⁶³):

224 2680 334 2763 „Quid
361 2681 487 2746 soboles
514 2681 663 2767 ignaviae
688 2704 779 2748 meae
800 2681 951 2748 meruerit
972 2703 1036 2746 non
1057 2681 1327 2766 praetermittam,

222 2805 320 2867 quum
347 2807 386 2848 eo
413 2791 557 2868 tempore
592 2784 746 2871 captivati
780 2783 822 2849 ab
848 2783 972 2848 Histria
1001 2780 1175 2868 cassiopas
1203 2783 1327 2848 insulas

293 2953 361 3017 357)
381 2955 434 3008 Has
452 2969 492 3008 res
511 2959 548 3008 ita
565 2974 622 3012 esse
633 2960 728 3023 primus
742 2957 850 3007 ostendit
862 2954 980 3006 Summus
992 2954 1185 3006 Niebuhrius
1203 2957 1220 3005 1.
1234 2973 1257 3006 e.
1277 2959 1327 3008 olr.

223 3045 374 3106 praesertim
390 3059 448 3107 pag.
462 3041 521 3094 391.
541 3041 600 3094 335.
612 3075 646 3084 -
659 3045 725 3094 Vide
742 3042 817 3092 etiam
834 3041 854 3090 Ι.
869 3039 997 3100 Grimm,
1016 3039 1108 3092 Gesoh.
1121 3042 1166 3090 der
1182 3041 1331 3094 deutschen

223 3127 344 3192 Spraohe,
361 3129 383 3189 1,
400 3144 458 3192 pag.
472 3127 533 3178 228.

294 3208 361 3272 358)
381 3213 426 3263 cfr.
444 3214 566 3276 Niebuhr,
584 3215 675 3264 Kleine
693 3211 819 3264 Schrihen
836 3211 857 3272 1,
878 3225 936 3274 pag.
951 3208 1009 3260 388.
1047 3213 1122 3272 „Wia
1139 3213 1200 3262 aber
1218 3214 1259 3264 die
1280 3215 1328 3264 Er-

223 3301 332 3364 eignisse
350 3301 379 3350 in
396 3299 528 3364 Skythika,
546 3300 641 3350 welche
659 3299 731 3348 ihren
748 3296 884 3346 Ausbrueh
901 3297 1088 3359 veluissehten,
1106 3300 1156 3350 den
1175 3298 1327 3350 Gesohioht·

223 3387 368 3438 sohreibern
386 3387 538 3449 wenigstens
556 3400 604 3434 nur
620 3383 711 3433 hiiehst
728 3382 934 3434 nuvollkommen
947 3385 1059 3436 bekannt
1075 3399 1193 3448 genesen
1211 3401 1243 3440 au
1261 3401 1327 3450 seyn

223 3473 357 3532 schemen,
384 3487 414 3522 so
438 3471 580 3533 schweigen
603 3469 639 3520 sie
662 3467 725 3516 iiber
748 3468 790 3517 die
811 3468 985 3533 Ausbreitung
1007 3470 1052 3522 der
1069 3470 1249 3522 Sauromatem
1280 3472 1327 3521 sie

223 3556 301 3605 laist
319 3557 388 3606 sion
405 3572 463 3606 nur
481 3553 701 3604 wahrnehmen
717 3555 777 3604 und
795 3553 953 3619 folgern“.

294 3635 361 3699 359)
380 3640 425 3688 cfr.
444 3639 572 3690 Ammian-
596 3638 736 3690 Marcellin.
755 3640 843 3701 xvfl,
866 3655 921 3704 oap.
941 3638 981 3690 12.
1006 3639 1046 3689 13.
1071 3647 1097 3690 et
1118 3648 1235 3692 auctores
1258 3656 1327 3704 quos

223 3725 297 3776 affert
315 3723 426 3784 Glbbon,
442 3725 458 3774 1.
472 3739 493 3772 e.
507 3739 563 3787 ean
575 3723 670 3774 XVHI.
684 3721 757 3785 (tom.
768 3727 802 3786 Π,
820 3740 877 3789 pag.
891 3725 933 3787 95,
952 3733 1004 3776 not
1018 3722 1073 3784 45.)
1085 3755 1119 3764 -—
1132 3726 1197 3779 Vide
1207 3727 1325 3791 Kophen

225 3810 324 3876 Glagol.
342 3809 454 3860 Cloaien.
473 3823 532 3873 pag.
544 3810 639 3860 XXX⁸
657 3818 683 3862 et
700 3811 835 3862 oxma
987 3877 994 3886 1

294 3892 362 3956 360)
381 3896 427 3946 cfr.
451 3895 596 3948 testimonia
617 3904 730 3950 veterum
751 3897 817 3960 apud
837 3895 1012 3948 (lintoolo.
1032 3897 1175 3961 oap.XIX.
1201 3894 1278 3958 (tom.
1292 3896 1327 3954 ll,

224 3999 280 4047 pag.
296 3982 353 4032 117.
372 3990 426 4035 noh
441 3977 496 4042 47.)

294 4064 362 4129 361)
381 4069 397 4120 l.
412 4085 433 4118 o.
452 4083 510 4132 pag.
525 4067 541 4120 9
561 4078 586 4120 et
606 4069 646 4120 10.

295 4151 362 4214 362)
381 4171 439 4220 pag.
453 4154 513 4206 541.

295 4235 362 4297 363)
382 4241 427 4290 cfr.
447 4241 565 4290 Ethiemn
582 4254 639 4303 pag.
654 4237 715 4299 531,
733 4253 755 4288 v.
772 4235 811 4288 13.
825 4251 879 4299 sqq.
