2784 5106
345 1266 358 1278 ⁶
449 1345 671 1464 curus
707 1347 746 1460 1.

550 1589 580 1672 s.
606 1589 635 1654 1.

287 1735 335 1786 DE
354 1732 655 1788 COSMOGRAPHIAE
673 1730 905 1783 EDI'I'IONIBVS.

40 1883 295 2018 AETHIOO,
318 1934 385 2000 sive
398 1933 530 2018 Euroo,
552 1934 667 2000 incerti
680 1932 835 2024 temporis
850 1932 985 2014 auctori,
1009 1935 1149 2018 quinque

38 2042 142 2128 vulgo
156 2038 230 2104 libri
246 2039 465 2127 assignanture
489 2033 746 2124 Oosmographia
762 2035 887 2100 scilicet
904 2055 986 2118 quae
1005 2033 1065 2100 sub
1083 2037 1151 2101 eius

37 2145 171 2211 nomine
192 2143 325 2230 vulgata
346 2150 405 2226 est,
431 2141 526 2208 Pauli
548 2138 658 2208 Orosii
680 2138 858 2225 Tripertita
879 2136 997 2202 Mundi
1019 2137 1151 2205 Descri-

36 2249 131 2334 ptio,
158 2245 325 2332 Excerpta
350 2245 426 2310 Iulii
452 2244 592 2310 Honorii
622 2241 788 2326 Oratoris,
821 2241 978 2307 Antonini
1007 2242 1152 2330 Augusti

38 2350 133 2436 quod
161 2358 295 2416 vocatur
321 2347 460 2414 Romani
482 2346 582 2413 Orbis
612 2345 834 2428 Itinerarium,
869 2345 1005 2446 denique
1029 2347 1151 2430 „Liber

9 2451 158 2528 ‚Ethici
169 2451 360 2536 Philosophi
381 2450 511 2513 natione
527 2447 703 2532 Scythae“,
727 2468 822 2529 quem
844 2444 1007 2512 eGraeco
1028 2449 1063 2511 in
1084 2449 1152 2514 La-

35 2559 151 2623 tinum
171 2552 373 2616 transtulisse
395 2551 485 2614 aiunt
507 2547 663 2616 Sanctum
684 2546 927 2634 Hieronymum.

137 2653 283 2738 Quorum
304 2652 444 2739 primum
467 2650 596 2737 quidem
623 2673 703 2738 opus
726 2650 769 2716 ad
791 2650 927 2716 duorum
949 2659 1074 2719 tantum
1097 2678 1151 2721 co·
1186 2733 1188 2737 Α

35 2763 155 2829 dicum
176 2757 466 2843 manuscriptorum
487 2755 584 2822 fidem
607 2755 735 2843 saepius
753 2755 875 2822 editum
890 2763 939 2823 est
945 2781 954 2838 3
977 2766 1053 2824 sunt
1067 2760 1151 2826 enim

34 2863 202 2934 editiones
223 2862 289 2928 fere
311 2860 387 2926 hae:
755 2877 757 2880 ·

137 2967 166 3034 l.
204 2965 337 3032 Aethioi
348 2963 621 3050 Oosmographia:
643 2964 780 3030 Antonii
790 2963 934 3051 Augusti
946 2962 1151 3030 Itinerarium

31 3069 305 3139 Provinciamm:
329 3091 369 3133 ex
382 3066 588 3134 Bibliotheca
600 3067 639 3132 P.
654 3067 785 3133 Pithoei
802 3088 876 3132 eum
891 3064 1030 3134 Scholiis
1046 3066 1152 3134 Iosiae

30 3173 184 3246 Simleri.
228 3171 377 3237 Basileae
401 3173 497 3238 1575.
531 3169 577 3238 8⁰.
611 3171 688 3236 min.
1153 3179 1155 3186 '

135 3278 167 3342 2.
201 3272 355 3357 Dionysii
377 3273 471 3336 Alex.
494 3279 527 3338 et
547 3272 721 3361 Pomponii
734 3271 843 3339 Melae
865 3271 955 3341 Situs
969 3272 1068 3341 Orbis
1083 3274 1151 3340 De-

28 3377 193 3463 scriptio.
245 3373 379 3440 Aethiei
401 3368 663 3461 Oosmographia.
717 3375 1150 3464 O.I.SoliniP01yhist0r.

26 3487 79 3552 In
99 3477 253 3567 Dionysii
268 3476 466 3564 po'e'matium
481 3474 710 3545 Commentarii
720 3481 902 3546 Eustathii:
923 3480 1151 3568 Interpretatio

28 3583 192 3656 eiusdem
209 3580 364 3668 poematii
379 3579 422 3644 ad
432 3579 577 3661 verbum,
593 3579 632 3644 ab
647 3581 747 3648 Henr.
761 3583 926 3670 Stephano
941 3587 1077 3672 scripta:
1092 3608 1152 3652 nec

26 3711 111 3758 non
135 3686 370 3751 Annotationes
393 3684 461 3770 eius
483 3684 517 3748 in
539 3682 636 3766 idem,
659 3692 692 3749 et
715 3688 911 3768 quorundam
934 3689 1078 3754 aliorum.
1111 3687 1152 3752 In

26 3791 173 3861 Melam
188 3789 423 3855 Annotationes
444 3788 574 3854 Ioannis
594 3787 748 3857 Olivarii:
770 3789 804 3852 in
824 3777 997 3858 Aethicum
1021 3791 1153 3860 Scholia

26 3895 155 3964 Iosiae
184 3891 327 3960 Simleri:
357 3892 391 3956 in
420 3890 565 3958 Solinum
587 3891 838 3974 Emendationes
860 3893 996 3960 Martini
1018 3891 1153 3958 Antonii

26 3998 173 4066 Delrio.
211 3995 404 4062 Excudebat
424 3995 585 4063 Henricus
604 3996 797 4082 Stephanus.
831 3996 929 4062 Anno
954 3999 1049 4063 1577.
1084 3997 1130 4063 4⁰.

140 4101 172 4168 3.
217 4100 389 4186 Pomponii
410 4099 518 4166 Melae
541 4099 581 4166 de
604 4100 679 4169 Situ
701 4097 800 4165 Orbis
822 4098 897 4164 libri
924 4107 999 4164 tres.
1042 4099 1154 4166 Ethici

28 4204 318 4290 cosmographia
369 4203 504 4269 Henrioi
533 4202 687 4270 Glareani
716 4201 953 4291 compendiaria
980 4203 1154 4290 descriptio

26 4306 139 4381 orbis
169 4313 333 4374 terrarum.
385 4307 529 4375 Parisiis.
577 4307 605 4374 Ι.
626 4305 742 4375 Libert
778 4307 873 4378 1619.
929 4308 997 4377 32⁰.
1047 4307 1155 4395 (inest
