2780 5092
600 374 661 486 rec

80 594 159 677 „dee
186 591 436 678 navigaverunt,
470 598 503 656 et
536 600 749 677 pervenerunt
780 591 822 656 ad
853 591 1005 659 finitimos
1031 599 1183 662 terminos

80 696 350 780 ,Pannoniarum
373 700 517 760 tenentes
539 695 674 760 finitima
688 695 799 782 spacia
820 714 912 761 secus
927 695 1112 763 Moeotidae
1126 723 1183 784 par

60 799 201 883 ,ludes
255 796 501 883 Coeperuntque
537 797 706 864 aedificare
737 799 901 864 civitatem
931 799 972 864 ob
1001 801 1184 868 memoriale

82 925 228 985 ,eorum,
258 901 563 986 appellaveruntque
589 924 659 966 eam
685 900 907 968 Sicambriam.
950 901 1066 987 Ibique
1093 902 1184 969 habi-

81 1013 250 1088 „taverunt
272 1001 363 1070 annis
385 1003 505 1088 multis,
527 1012 758 1090 crevenmtque
778 1006 812 1070 in
835 1013 963 1092 gentem
979 1009 1160 1094 magnam“.

171 1107 231 1187 „Iu
251 1108 306 1172 illo
324 1117 475 1193 tempore..
481 1107 726 1174 Valentinianus
740 1107 921 1194 Imperator
934 1109 1103 1194 imperium
1117 1107 1183 1174 Ro-

83 1235 269 1296 „manorum
297 1211 439 1298 regebat.
489 1210 540 1276 Eo
568 1219 713 1297 tempore
739 1235 818 1300 gens
844 1212 1022 1278 Alanorum
1048 1213 1183 1278 atrocis-

84 1317 185 1398 „sima
210 1314 443 1380 rebellaverunt
472 1322 584 1380 contra
611 1313 813 1400 praedictum
838 1315 1078 1402 Imperatorem.
1124 1316 1183 1380 Ille

82 1420 210 1501 ,itaque
233 1425 393 1482 commoto
416 1417 558 1482 exercitu
580 1439 697 1504 magno
712 1416 930 1482 Romanorum
948 1417 1064 1482 direxit
1082 1419 1182 1482 aciem

84 1530 217 1603 „contra
238 1541 310 1603 eos,
337 1519 561 1606 superavitque
590 1541 645 1585 eos
675 1529 707 1583 et
729 1520 861 1585 adtrivit
883 1529 979 1605 atque
1001 1520 1181 1587 debellavit.

84 1625 155 1706 „Illi
177 1633 283 1690 autem
306 1624 389 1688 caesi
412 1645 508 1708 super
525 1622 628 1688 lluvio
651 1623 803 1688 Danubio
831 1625 996 1711 ingerunt,
1026 1632 1058 1688 et
1083 1623 1182 1688 intra-

86 1735 218 1806 ,verrmt
239 1728 271 1790 in
293 1725 478 1792 Moeotidas
499 1727 644 1812 paludes.
689 1727 784 1790 Tunc
807 1727 853 1792 ait
874 1727 1070 1813 Imperator:
1103 1724 1183 1810 „„Si

86 1828 200 1911 ,',‚,quis
225 1830 364 1912 potuerit
391 1829 522 1894 introire
551 1831 584 1894 in
613 1827 746 1915 paludes
775 1830 870 1912 istas,
906 1839 939 1894 et
966 1828 1040 1894 inde
1069 1830 1184 1894 eiicere

85 1933 266 2017 „potuerit
293 1941 420 2020 gentem
447 1932 531 1997 hanc
559 1931 708 1996 rebellem
731 1932 927 2014 Alanorum,
956 1930 1130 1996 concedam
1153 1933 1183 1996 ei

84 2035 245 2116 „„tributa
274 2058 374 2102 annos
402 2035 567 2102 decem““.
620 2033 714 2098 Tunc
744 2035 931 2122 congregati
958 2033 1094 2117 Franci,
1127 2034 1182 2117 qui

82 2138 228 2219 ,fuerant
244 2138 283 2204 de
299 2139 398 2204 Troia
420 2139 524 2221 eiecti,
546 2138 692 2204 fecerunt
712 2137 845 2206 insidias
867 2161 907 2204 ex
931 2136 1076 2220 adverso,
1099 2137 1183 2202 sicut

83 2226 194 2323 „erant
217 2240 333 2324 edocti,
359 2265 417 2328 per
437 2243 602 2329 incognita
624 2242 773 2308 latibula:
803 2250 837 2307 et
856 2241 992 2328 ingressi
1013 2242 1046 2306 in
1068 2239 1182 2305 Moec-

82 2345 188 2426 „tidas
208 2344 343 2429 paludes
365 2367 439 2410 oum
461 2346 583 2430 reliquo
607 2344 749 2410 exercitu
770 2343 1000 2427 Romanorum,
1022 2346 1184 2410 eiecerunt

82 2447 176 2530 „inde
205 2447 346 2530 Alanos,
379 2455 666 2534 percusseruntque
695 2469 750 2513 eos
778 2447 812 2511 in
841 2466 895 2512 ore
923 2446 1031 2534 gladii.
1088 2446 1182 2510 Tunc

82 2550 278 2637 „appellavit
309 2572 363 2615 eos
386 2551 630 2618 Valentinianus
657 2550 838 2638 Imperator
866 2551 1044 2616 Francos
1068 2549 1182 2613 Attica

82 2656 223 2742 „lingua
246 2651 333 2736 quod
355 2653 388 2716 in
410 2654 562 2722 Latinum
585 2656 813 2741 interpretatur
835 2675 1024 2736 sermonem,
1048 2650 1110 2716 hoc
1133 2660 1182 2718 est

83 2759 229 2838 ,fer0s,
253 2777 273 2818 a
295 2753 413 2818 duritia
434 2756 485 2820 vel
506 2758 672 2826 ferocitate
695 2759 831 2826 cordis“.

172 2856 296 2944 „Igitur
323 2867 397 2944 post
424 2867 604 2929 transactos
633 2863 743 2928 decem
772 2882 872 2926 annos
894 2861 982 2924 misit
1002 2860 1183 2943 Imperator

83 2969 280 3044 ,exactores
301 2984 365 3025 una
387 2985 461 3027 cum
483 2966 634 3049 primario
657 2965 739 3028 duce
762 2962 802 3026 de
824 2962 971 3027 Romano
992 2959 1123 3043 Senatu,
1145 2971 1182 3026 ut

85 3065 281 3150 „reciperent
302 3067 529 3150 praetermissa
550 3069 672 3134 tributa
694 3065 734 3131 de
755 3063 875 3151 populo
889 3062 1097 3128 Francorum.
1129 3064 1181 3129 Illi

85 3189 245 3251 „quoque,
274 3176 311 3232 ut
340 3175 431 3232 erant
453 3168 689 3254 immanissimi,
717 3167 883 3237 consilium
905 3166 1063 3252 perfidum
1086 3177 1181 3254 atque

84 3271 214 3352 ,inutile
244 3272 456 3357 acoIpientes,
485 3273 635 3342 dixerunt
663 3276 747 3340 intra
774 3295 824 3339 se:
865 3269 1086 3354 „Imperator
1108 3293 1181 3336 cum

85 3375 269 3456 „„exercitu
296 3373 515 3442 Romanorum
544 3403 608 3444 non
636 3379 743 3467 potuit
766 3377 880 3442 eiicere
902 3373 1025 3438 Alanos
1048 3372 1088 3438 de
1110 3374 1181 3438 lati-

83 3476 204 3558 „„bulo
222 3476 422 3564 paludarum,
445 3490 574 3566 gentem
596 3482 755 3547 rebellem.
788 3479 871 3544 'Nos
894 3484 1011 3558 autem,
1035 3477 1090 3560 qui
1112 3499 1182 3542 eos·

84 3578 198 3662 „dem
222 3579 408 3663 devicimus,
432 3603 489 3646 our
511 3584 662 3648 solvimus
685 3581 825 3650 tributa?
862 3578 1103 3673 Consurgamus
1126 3604 1182 3647 au·

83 3691 189 3764 „,tem
213 3691 326 3747 contra
339 3681 531 3748 Primarium
554 3685 649 3767 huno,
672 3686 723 3749 vel
742 3696 907 3753 exactores
922 3685 1011 3768 istos,
1035 3693 1067 3750 et
1082 3687 1182 3748 irrua-

83 3808 196 3865 ,„mus
218 3805 314 3870 super
336 3805 401 3865 eos,
424 3792 457 3848 et
478 3807 541 3850 non
566 3785 676 3852 demus
699 3785 853 3855 Romanis
874 3788 1010 3852 tributa:
1037 3807 1078 3848 ne
1099 3785 1182 3848 forte

82 3889 151 3968 „„si
174 3885 346 3952 subiiciant
368 3906 443 3968 nos,
466 3887 583 3953 erimus
604 3911 777 3972 numquam
799 3889 944 3955 liberi““.
990 3886 1083 3950 Turro
1106 3887 1182 3949 insi-

81 3987 228 4069 „diantes
250 3989 478 4056 interfecerunt
499 3993 585 4056 eos“.

171 4087 283 4172 „Haeo
311 4093 450 4161 audiens
471 4093 666 4180 Imperator,
700 4094 733 4156 in
768 4094 817 4158 ira
847 4111 965 4178 magna
994 4099 1182 4175 commotus,

82 4193 267 4280 „praecepit
295 4217 494 4264 commovere
528 4197 702 4264 exercitum
738 4196 770 4260 in
800 4195 926 4260 hostem
953 4193 1182 4277 Romanorum,

1108 4413 1121 4462 t
