2800 5088
757 479 801 545 84

220 652 486 732 'vindobonensis
507 653 581 718 libri
605 653 816 739 antiquissimi
846 653 901 737 qui
930 653 1024 718 huius
1046 651 1243 720 recensionis
1265 656 1332 719 fuu-

228 757 412 822 damentum
435 764 484 820 est
505 778 569 820 non
591 765 659 822 tam
688 757 863 842 scripturas
892 755 1105 842 corrigamus:
1135 777 1233 840 quam
1257 779 1330 841 quo·

228 860 324 926 modo
348 868 379 924 et
403 867 517 924 auctae
539 858 658 924 sintin
680 860 743 926 illis
765 868 798 924 et
820 857 1202 942 mutatae‘ostendemus.
1226 893 1229 901 ·

317 961 447 1047 Reliqui
475 961 604 1028 codices
632 963 760 1028 omnino
788 961 973 1049 negligendi
994 969 1086 1043 sunt,
1115 961 1244 1028 sedita
1266 972 1332 1028 tan-
1389 966 1399 975 ”

228 1077 298 1132 tum
320 1075 357 1132 ut
379 1088 418 1132 ea
439 1065 555 1150 quibus
577 1067 716 1132 maxime
737 1089 757 1130 a
779 1066 894 1132 ceteris
917 1065 1092 1130 abhorrent
1113 1064 1333 1130 adnimadver-

228 1179 353 1249 tantum
376 1190 436 1233 neo
459 1178 565 1233 tamen
587 1169 650 1234 illis
670 1178 726 1234 aut
740 1170 894 1236 Alberlus
917 1177 973 1234 aut
991 1169 1046 1253 qui
1061 1167 1147 1233 huno
1168 1169 1334 1254 exscripsit

231 1271 453 1360 adiungendus
474 1280 525 1338 est
538 1271 720 1338 Malleolus.
757 1270 902 1354 Quorum
925 1274 952 1338 si
974 1271 1126 1337 nonnulla
1147 1270 1231 1336 forte
1253 1294 1334 1335 mar·

231 1377 298 1463 gini
320 1375 594 1462 adscripserimus,
616 1375 651 1440 id
672 1376 755 1441 hano
777 1375 820 1441 ob
843 1397 973 1443 causam
994 1375 1064 1440 fieri
1086 1375 1207 1460 putetis
1228 1375 1332 1456 velim,
1398 1437 1399 1454 ,

232 1489 267 1544 ut
281 1478 361 1544 nihil
375 1479 425 1544 his
440 1480 650 1564 scriptoribus
664 1478 815 1544 insulsius
831 1501 927 1564 posse
940 1477 1075 1544 inveniri
1090 1478 1153 1563 ipsi
1168 1477 1315 1544 videatis.
1398 1469 1399 1496 ¹

320 1579 474 1648 Ceterum
501 1581 582 1646 haec
609 1581 774 1646 hactenus.
828 1579 918 1662 Quid
947 1581 1030 1646 enim
1054 1581 1202 1648 codicum
1225 1590 1334 1648 aucto

231 1688 327 1752 ritate
350 1685 476 1751 adiutus
504 1683 546 1749 ad
574 1684 807 1750 emendandam
835 1681 1126 1770 Cosmographiam
1153 1685 1232 1749 meis
1258 1684 1337 1749 viri-

232 1790 292 1856 bus
313 1787 518 1874 profecerim,
548 1786 669 1852 Divina
691 1789 797 1874 gratia
819 1795 977 1852 mmuente
999 1780 1076 1852 mox
1098 1787 1122 1852 ii
1148 1787 1338 1852 iudicabunt

233 1893 348 1978 quibus
369 1891 448 1958 talia
469 1889 560 1956 cordi
582 1899 665 1956 sunt.
707 1891 778 1956 Iam
800 1913 877 1958 vero
899 1898 1027 1955 transeo
1050 1889 1093 1956 ad
1116 1891 1250 1956 alteram
1274 1890 1338 1956 dis·

233 1994 412 2081 quisitionis
440 2001 580 2078 partem:
610 1994 643 2058 in
666 2017 746 2079 qua,
776 1994 863 2079 quod
893 1992 1022 2078 quidem
1050 1993 1144 2059 huius
1167 2003 1267 2081 caput
1291 2002 1339 2060 est

233 2098 395 2184 opusculi,
424 2095 526 2161 deco
547 2096 629 2162 libro
658 2097 893 2182 disputabimus
916 2118 1012 2181 quem
1040 2119 1157 2162 unum
1185 2119 1340 2182 umquam

233 2201 369 2266 Ethicus
391 2199 592 2284 conscripsit,
619 2208 653 2263 et
674 2222 768 2284 quem
791 2199 981 2265 translatum
1003 2200 1152 2266 simulet
1174 2210 1340 2268 servatum

233 2304 325 2370 nobis
348 2325 417 2370 osse
439 2325 459 2366 a
481 2301 602 2370 Sancto
624 2301 824 2390 Hieronymo
847 2303 1038 2389 accepimus.
