2780 5092
212 701 252 746 ne
273 679 356 744 forte
378 678 460 746 basa
483 681 525 748 de
546 683 585 748 iis
608 691 732 748 tautum
754 684 907 751 affirmari
930 687 1054 771 credas,
1077 709 1159 772 quaa
1182 688 1310 756 Germa-
1374 701 1375 714 ¹

211 781 296 846 niam
318 781 426 868 ipsam
446 786 598 868 incolunt,
620 785 686 850 iam
709 809 780 851 eam
801 795 929 874 gentem
952 791 1106 876 respicias
1135 815 1227 876 quae,
1249 816 1310 858 om-

210 883 299 950 nium
321 887 419 976 longe
440 888 660 971 remotissima,
688 889 780 956 sedes
802 893 915 958 incolit
936 895 970 958 in
992 894 1098 960 Thule
1119 895 1232 962 insula.
1276 897 1313 962 In

210 989 294 1056 libro
317 992 401 1056 enirn
424 992 652 1076 antiquissimo,
676 995 728 1058 oui
751 1017 869 1060 nornen
879 995 1020 1078 „Eudae
1041 1007 1101 1081 est,
1123 1007 1156 1065 et
1172 1001 1227 1084 qui
1249 1000 1313 1066 eius

212 1095 318 1182 gentis
339 1095 463 1160 fabulas
485 1095 614 1160 exhibet
636 1098 868 1164 vetustissimas
881 1101 961 1183 ⁵⁰³),
989 1124 1064 1188 pag.
1086 1105 1156 1170 127.
1180 1103 1313 1190 legimus

212 1197 377 1280 baac⁵⁰⁴):
408 1199 485 1281 „filii
505 1199 574 1264 Bur
602 1209 719 1286 postea
738 1200 845 1268 medio
867 1203 901 1266 in
923 1202 1043 1278 mundo
1066 1205 1316 1272 aedificaverunt

213 1323 318 1366 arcam
343 1303 562 1388 „Asgarten“=
592 1303 690 1370 haec
720 1313 808 1370 erat
831 1304 1048 1390 Troiam),
1076 1309 1134 1374 ubi
1155 1308 1213 1374 Dii
1243 1331 1316 1374 cunr

211 1405 338 1470 familiis
360 1405 424 1470 suis
446 1407 479 1469 in
501 1416 667 1494 posterum
688 1407 864 1474 habitaturi
886 1415 1008 1476 erant“.
1041 1411 1166 1478 Ibidem
1188 1436 1223 1498 p.
1239 1413 1316 1481 000.

213 1531 324 1573 noman
341 1505 474 1590 .„Giord
496 1511 509 1576 i
531 1512 653 1578 Troiu“
677 1514 845 1578 invenitur.

298 1609 380 1676 Cum
403 1613 454 1680 his
476 1617 679 1682 consentiunt
702 1639 783 1700 quae
804 1617 838 1681 in
853 1617 915 1681 alio
929 1616 1011 1681 libro
1028 1625 1138 1681 extant
1152 1618 1185 1682 in
1200 1618 1319 1684 eadem

208 1713 311 1778 insula
333 1719 517 1804 conscripto
529 1721 601 1803 ιθ“);
634 1743 694 1803 „ex
722 1718 961 1806 septentrionali
987 1727 1080 1804 parte
1105 1728 1201 1785 etex
1222 1744 1319 1786 mon-

210 1816 294 1882 tibus
322 1820 376 1903 qui
405 1825 521 1889 remoti
549 1835 623 1889 sunt
645 1847 665 1888 a
687 1824 781 1888 terris
803 1821 1032 1888 habitabilibus
1052 1821 1171 1888 flumen
1193 1823 1321 1890 Tanais

209 1922 356 2007 procedit
388 1974 463 1991 .....
495 1927 536 1992 ab
558 1926 622 1992 hoc
642 1927 676 1990 iu
699 1923 866 1992 Orientem
888 1948 1000 1992 versus
1021 1927 1055 1992 in
1077 1928 1159 1992 Asia
1180 1928 1246 1992 sita
1269 1936 1321 1992 est

209 2028 380 2111 termille,
404 2052 500 2114 quam
522 2037 641 2096 vocant
665 2029 865 2112 „Asa-laud“
890 2030 958 2094 sive
981 2031 1199 2112 „Asenwelt“‚
1223 2030 1323 2095 cuius

209 2133 519 2218 terraoeprineipalis
541 2157 599 2198 arx
622 2141 738 2197 vocata
760 2141 829 2196 erat
852 2131 1024 2219 „Asgard“
1046 2140 1109 2196 ete.
1124 2132 1191 2214 507).

298 2237 328 2303 3.
373 2235 519 2300 Eandem
548 2235 588 2300 de
616 2235 748 2318 antiqua
776 2235 881 2320 gentis
903 2235 979 2300 aede
1000 2236 1120 2300 famam
1142 2259 1162 2300 a
1183 2235 1325 2300 maiori·

208 2337 267 2403 bus
290 2341 355 2406 suis
372 2338 516 2408 Saxones
539 2347 738 2426 acceperant.
775 2336 841 2424 Sed
863 2336 904 2403 de
925 2337 1022 2404 huius
1035 2339 1175 2406 nationis
1190 2339 1323 2427 origiue

279 2533 347 2597 503)
367 2538 412 2588 cfr.
437 2539 494 2598 „die
516 2537 673 2590 Jslanuisehe
695 2536 776 2586 Edda.
817 2537 871 2586 Das
893 2537 927 2586 ist
948 2537 989 2588 die
1010 2538 1127 2604 gebeima
1151 2535 1323 2588 Gottaslebro

208 2625 253 2674 der
270 2623 377 2674 altestan
394 2623 580 2688 Hyperbortar,
598 2626 643 2674 der
660 2623 767 2686 Norder,
786 2624 831 2672 der
843 2623 968 2686 Veneten,
988 2623 1097 2685 (lothen,
1111 2623 1249 2674 Vandalen
1271 2632 1324 2673 etc.

206 2709 245 2759 Im
262 2709 328 2758 Jahr
348 2709 532 2759 1070-1075
606 2717 690 2760 zuerst
708 2711 772 2760 edint
789 2725 839 2758 von
858 2709 970 2759 Samund
987 2711 1095 2771 Froben,
1113 2709 1266 2760 biemitehst
1286 2712 1325 2758 im

206 2796 271 2848 Jahr
285 2796 361 2845 1664.
380 2812 430 2846 von
448 2797 506 2846 dem
518 2795 621 2859 Kiinigl.
633 2795 780 2846 Diiniscben
792 2796 859 2845 Rath
871 2795 955 2844 Resen
973 2809 1017 2844 aus
1037 2797 1086 2844 den
1104 2795 1212 2845 ffltesten
1225 2797 1326 2844 Hand-

208 2883 328 2931 sebriften
346 2885 373 2932 in
392 2883 432 2932 die
451 2883 570 2932 d'anisebe
588 2898 613 2930 u.
631 2882 779 2931 lateinische
797 2879 908 2944 Spracha
927 2880 1065 2940 tibars'etzt3
1084 2881 1135 2928 und
1154 2895 1207 2930 nun
1224 2881 1258 2929 in
1279 2882 1326 2930 die

208 2969 396 3020 hocbdeutscba
419 2969 531 3033 Sprachs
554 2969 681 3019 tibersatat
704 2983 754 3020 von
771 2967 870 3018 Jacob
887 2963 1185 3018 Sohimmelmann“.
1217 2965 1330 3016 Stetein

212 3055 287 3110 1777.
305 3052 346 3106 49.
365 3071 423 3119 pag.
437 3054 497 3105 127.

278 3154 345 3218 504)
365 3158 433 3216 „Dia
451 3155 538 3208 Sbhne
562 3159 607 3208 des
624 3158 679 3208 Bur
699 3155 852 3228 baratensis
870 3153 1010 3222 der-uolgo
1028 3154 1117 3205 mitten
1134 3154 1161 3204 in
1179 3155 1224 3202 der
1245 3155 1332 3208 Welt

210 3249 250 3296 dia
266 3242 524 3309 FestungAsgartan‚
543 3245 588 3294 das
607 3259 658 3294 war
671 3243 756 3308 Troja,
775 3242 874 3297 wadia
895 3241 984 3295 Gestar
1002 3241 1053 3290 und
1071 3241 1126 3292 ihre
1143 3241 1279 3291 Familien
1299 3245 1330 3294 in

211 3336 255 3382 dar
271 3333 348 3394 Folge
366 3330 474 3378 wohnen
492 3327 610 3380 sollten“.

282 3429 348 3494 505)
367 3431 408 3480 Sic
430 3430 531 3480 codices
554 3430 629 3480 MSS.
654 3438 718 3479 teste
742 3429 965 3480 Schimmelmann.
1015 3428 1122 3478 Carolus
1146 3428 1274 3480 Simroek
1300 3433 1329 3482 in

210 3523 324 3576 versione
341 3517 397 3568 libri
414 3515 552 3565 novissima
568 3530 626 3578 pag.
640 3513 700 3564 247.
719 3517 796 3565 verba
814 3517 875 3575 „das
893 3532 945 3565 war
962 3513 1066 3578 Troja“·
1077 3515 1169 3564 omisit.

281 3619 347 3681 506)
366 3618 452 3668 Suorn'
470 3601 622 3668 Sturluson’s
634 3617 771 3669 Weltkreis
790 3615 1001 3683 (Heimskringla)
1020 3619 1103 3667 tibere.
1122 3619 1174 3667 und
1193 3621 1332 3670 erlautert

153 3746 156 3752 ,
210 3725 260 3759 von
277 3709 322 3757 Dr.
340 3705 481 3756 Fordinand
498 3702 625 3754 Wachler.
662 3703 758 3753 2Voll.
795 3705 902 3769 Leipzig
921 3703 1112 3755 raes-18³6.
1145 3705 1191 3754 cfr.
1211 3713 1286 3757 torn.
1307 3709 1329 3756 I.

210 3815 267 3862 nas·
284 3795 323 3847 1³·
1173 3855 1186 3866 .

282 3894 350 3958 50⁷)
371 3895 442 3955 „Aua
463 3893 565 3943 Norden
587 3907 637 3941 von
658 3893 708 3942 dou
732 3892 872 3958 Gahirgen‚
897 3895 993 3944 welche
1014 3894 1159 3944 aulsarbalb
1182 3895 1253 3944 aller
1279 3896 1329 3944 bo·

211 3985 329 4034 wohnten
350 3983 451 4032 L'ander
472 3980 566 4042 liegen,
591 3978 647 4027 fallt
669 3979 713 4027 der
736 3979 807 4028 Fluls
830 3981 908 4030 durch
933 3979 1047 4030 Svithiod
1070 3981 1116 4028 der
1137 3980 1257 4030 walcber
1278 3985 1334 4032 mit

210 4064 292 4117 Recbt
308 4070 402 4120 Tanais
419 4066 496 4117 bellat
577 4063 711 4114 ImOsten
728 4079 786 4114 vom
804 4065 897 4113 Tanais
915 4065 942 4113 in
959 4065 1024 4113 Asia
1041 4079 1093 4112 war
1111 4065 1156 4116 das
1174 4067 1257 4117 Laud
1281 4084 1332 4132 go-

210 4157 289 4197 nannt
305 4153 427 4215 ΑεαΙιιιᾰ,
445 4154 506 4202 oder
523 4152 663 4212 Asenwelt3
682 4151 743 4202 aber
761 4151 801 4202 die
819 4149 970 4212 Hauptburg
986 4151 1082 4200 welche
1099 4152 1126 4200 in
1144 4153 1203 4202 dam
1223 4154 1335 4206 Laudo

210 4245 269 4288 W,
287 4246 398 4288 nanntan
416 4242 453 4290 sia
471 4238 577 4301 Asgard.
607 4237 723 4286 Abarin
741 4239 786 4287 dar
797 4239 868 4300 Burg
885 4251 937 4284 war
954 4235 1093 4300 Hauprling
1111 4239 1163 4300 der,
1182 4241 1233 4289 der
1251 4241 1336 4292 Odin

209 4319 322 4374 ssessflflnl
339 4318 412 4381 wird3
432 4327 489 4380 dort
507 4339 557 4376 war
575 4323 632 4372 eina
650 4323 736 4385 grosse
756 4320 935 4386 Oplersttttte“¹
956 4330 1003 4373 ete.
