2780 5092
734 451 796 518 156

220 631 333 698 deinde
359 636 505 709 tempora
527 624 740 710 Imperatores
762 621 978 692 Romanorum
1007 625 1135 710 saepius
1157 621 1310 691 Sarmatis

218 741 250 796 et
269 727 441 814 Iazygibus
463 727 555 813 signa
575 727 771 812 inferebant,
798 738 835 794 ut
856 729 999 812 Probus,
1021 726 1218 811 Carus⁸⁷⁰),
1249 727 1310 810 alii,

215 831 291 896 dum
317 839 393 917 post
420 829 581 894 saeculum
609 839 759 914 quartum
781 853 845 897 non
867 831 969 898 solum
990 831 1173 919 illyricum,
1202 851 1311 894 verum

214 933 312 998 etiam
332 932 510 1016 Dalmatia,
532 933 716 1018 Pannonia,
745 942 841 1020 atque
866 935 993 1002 Histria
1017 958 1037 1000 a
1065 933 1191 1002 Sclavis
1218 953 1312 999 occu-

214 1046 310 1123 patae
331 1042 404 1102 suut
417 1037 486 1119 8Ἡ).
1133 1087 1136 1091 .

303 1138 395 1220 Quae
422 1158 521 1222 quum
547 1139 594 1203 ita
620 1159 654 1204 se
676 1137 816 1205 habeant
838 1140 997 1225 sequitur,
1024 1149 1061 1205 ut
1082 1139 1236 1205 Ethicum
1256 1159 1313 1203 na-

214 1243 298 1307 tione
313 1239 497 1307 Sarmatam
517 1241 615 1307 suisse
632 1242 860 1309 concedamus:
886 1242 1051 1310 Sarmatas
1067 1251 1173 1308 autem
1188 1239 1313 1310 Sclavis

214 1344 468 1410 adnumerandos
495 1367 565 1410 esse
594 1353 716 1410 certum
744 1354 802 1410 est.
848 1345 911 1412 His
931 1347 1030 1433 igitur
1048 1347 1162 1412 'causis
1188 1344 1314 1409 induci·
1378 1355 1381 1364 '

211 1468 299 1528 mur,
322 1454 360 1510 ut
380 1447 505 1514 litteras
527 1447 568 1513 ab
590 1447 709 1513 mhioo
731 1448 876 1514 inventas
899 1471 919 1513 a
941 1447 1144 1536 Glagoliticis
1167 1447 1314 1533 apicibus

211 1548 297 1612 haud
318 1550 452 1614 multum
475 1550 644 1614 abhorrere
667 1550 879 1633 suspicemur3
910 1573 1005 1633 quam
1026 1573 1094 1615 rem
1117 1559 1153 1614 ut
1173 1551 1221 1613 ita
1242 1571 1316 1614 esse

211 1651 425 1735 ostendamus
447 1651 650 1738 paragrapho
673 1652 816 1736 sequenti
832 1653 998 1736 utriusque
1013 1651 1175 1738 alphabeti
1190 1651 1314 1716 formas

211 1762 243 1818 et
265 1763 411 1820 naturam
433 1755 541 1840 paullo
564 1753 746 1820 accuratius
768 1754 1032 1840 comparabimus.
1105 1780 1109 1786 ¹

720 2007 751 2090 §-
775 2007 807 2072 a.

211 2162 470 2216 GLAGOmeAs
484 2160 577 2225 QVAS
590 2160 908 2213 schvanmannus
920 2161 968 2212 AB
980 2161 1178 2214 ELEMENTIS
1190 2163 1313 2215 mmor
1388 2179 1389 2224 t

469 2247 641 2298 DIVERSAS
658 2245 732 2297 NON
749 2248 938 2300 HABENDAS
956 2248 1047 2300 ESSE.

294 2385 405 2451 Ethici
425 2379 569 2468 litterae,
598 2386 659 2450 etsi
686 2386 815 2470 reliquis
841 2387 895 2471 qui
918 2410 1023 2452 rerum
1046 2385 1309 2454 Sciavonicarum

207 2489 453 2575 investigatores
481 2488 654 2557 extiterunt
689 2490 889 2576 incognitae,
922 2498 1030 2556 tamen
1063 2489 1152 2556 haud
1179 2493 1309 2578 ignotae

207 2592 347 2660 erantV.
357 2589 407 2657 Ol.
421 2591 669 2657 Bartholomaeo
682 2591 843 2679 Kopitari.
876 2591 941 2674 Qui
953 2617 1012 2679 per
1025 2594 1175 2658 comitem
1190 2593 1309 2660 Oastil·

206 2696 364 2759 lionacum
379 2693 419 2758 de
434 2693 580 2759 Hrabani
593 2694 703 2761 Mauri
725 2697 797 2761 loco
819 2697 936 2760 certior
948 2695 1064 2778 factus,
1086 2718 1150 2780 quo
1165 2695 1307 2784 Mogun—

206 2797 292 2861 tinus
318 2796 371 2862 ille
395 2796 588 2864 clarissimus
617 2799 873 2885 archiepiscopus
896 2799 936 2879 (†
952 2796 1047 2878 847.)
1070 2796 1308 2886 Cosmographi

205 3057 309 3128 iocoue
326 3057 439 3121 συχνοὶ
456 3054 661 3128 παραδώσοντες
679 3053 789 3114 ἑαυτοὺς
807 3058 834 3106 oi
850 3057 897 3124 μὶν
915 3051 984 3104 κατὰ
1000 3055 1058 3121 γένη
1075 3053 1224 3106 clitumni
1236 3058 1305 3123 ἔθνη

205 3137 420 3212 ἐπρεσβεύσαντο.
456 3145 501 3193 καὶ
525 3138 612 3195 αὐτῶν
635 3147 663 3195 οἱ
682 3146 729 3212 μὲν
751 3137 963 3210 ἐστρατεύσαντο
987 3133 1083 3192 ἄλλοσί
1100 3159 1147 3192 ποι
1165 3144 1306 3209 πεμφθέν-

203 3247 247 3285 τες
265 3261 327 3278 .....
347 3230 373 3276 οἱ
392 3227 419 3278 tt
436 3229 482 3278 καὶ
499 3226 546 3296 γῆν
565 3233 592 3280 οί
609 3233 656 3297 μὲν
673 3231 698 3280 ἐν
717 3225 805 3293 Acrior
827 3227 853 3276 οἱ
871 3225 897 3277 δὲ
916 3227 942 3277 ἓν
960 3226 1098 3294 Παννονίᾳ
1116 3229 1143 3276 ot
1160 3228 1187 3277 aa
1206 3229 1305 3295 Μυσίᾳ

204 3313 248 3364 καὶ
266 3313 402 3384 Γερμανίᾳ
420 3309 458 3384 τῇ
477 3333 510 3366 τε
524 3309 649 3379 Ἰταλίᾳ
667 3305 750 3381 αὐτῇ
768 3311 973 3376 7λαβον.’καὶ
992 3306 1096 3363 αὐτῶν
1114 3307 1303 3380 ὲνῬαβίννρ

203 3401 288 3458 τινὲς
306 3399 477 3458 οἰκοῦντες
499 3401 675 3466 ἐνεωτέρισαν,
694 3391 760 3448 ὥστε
779 3397 825 3448 καὶ
843 3395 891 3464 τὴν
909 3392 984 3448 πόλιν
1002 3403 1145 3461 κατασχεῖν
1163 3395 1303 3466 τολμῆσαι.

203 3486 248 3534 καὶ
275 3483 320 3534 διὰ
342 3479 420 3535 τοῦτ’
441 3478 527 3536 οῧκίτ’
545 3483 570 3540 ἐς
593 3480 641 3546 τὴν
661 3475 777 3534 Ἰταλίαν
801 3477 896 3534 οὐδένα
919 3479 971 3533 τῶν
992 3478 1133 3552 βαρβαρων
1159 3483 1302 3550 εἰσήγαγεν,

203 3564 281 3618 ἀλλὰ
299 3569 354 3618 καὶ
372 3567 450 3626 τοὺς
468 3569 733 3636 προαφνγμένους
751 3564 906 3635 liparam.

273 3679 339 3744 370)
360 3683 405 3732 cir.
415 3683 555 3746 Vopiscum
572 3684 599 3734 in
613 3685 665 3736 vita
674 3684 734 3736 Cari
745 3688 862 3750 Imperat
881 3700 935 3750 cap.
945 3685 1014 3736 vm.
1029 3694 1054 3736 ct
1065 3685 1167 3738 Gibbon
1179 3703 1234 3753 cap.
1244 3689 1301 3740 XlI.

202 3771 274 3834 (tom
286 3771 307 3834 1,
325 3784 383 3834 pag.
396 3764 467 3830 345).

271 3883 339 3949 371)
357 3887 398 3938 De
415 3885 490 3936 rebus
508 3886 586 3949 gestis
604 3885 751 3938 Seianorum
768 3887 826 3936 inda
844 3902 860 3936 a
876 3887 964 3950 primis
982 3889 1152 3951 temporibus,
1172 3896 1198 3938 ot
1215 3890 1247 3938 da
1266 3888 1299 3936 fa

201 3975 232 4023 tis
245 3974 355 4024 Histriae
367 3979 393 4034 at
406 3971 550 4024 Pannoniae
568 3973 750 4037 regionumque
767 3972 937 4022 adiacentium
955 3973 1000 4022 cfr.
1012 3974 1228 4024 accuratissimam
1239 3974 1299 4024 Ant

199 4058 315 4110 Linharti
332 4060 572 4110 commentationem
595 4063 636 4110 cui
658 4059 745 4110 titulus
763 4065 813 4108 estz
843 4058 974 4118 „Versnch
993 4059 1062 4108 einer
1081 4057 1233 4112 Geschichte
1251 4073 1300 4110 von

201 4143 281 4193 Krain
304 4147 356 4194 und
378 4146 423 4194 der
439 4145 551 4209 'iibrigen
573 4145 704 4196 siidlichen
726 4143 818 4195 Slaven
841 4141 1040 4194 Oastarreichs“.
1081 4144 1193 4196 Laibach
1223 4142 1298 4195 1788.

200 4228 216 4279 2
236 4229 303 4279 Voll.
323 4223 360 4287 8⁰,
379 4230 423 4278 ubi
440 4231 497 4282 vide
515 4238 576 4282 tom.
589 4231 609 4280 1.
629 4236 733 4282 amam
