2800 5088
583 465 645 567 ιι

549 815 580 898 §-
610 812 661 881 11.

406 957 559 1018 CODICES
580 957 750 1012 FAMILIAE
770 957 800 1008 C.

141 1090 248 1178 Supra
262 1079 461 1159 ostendimus
475 1093 665 1182 Didymum,
682 1103 778 1180 quem
793 1089 983 1160 Occidentis
999 1089 1157 1158 dimenso-

44 1219 119 1261 rem
134 1195 208 1260 libri
223 1197 338 1282 optimi
350 1195 524 1261 concordes
535 1197 688 1282 produnt,
698 1191 866 1262 iamnono'
878 1203 1014 1261 exeunte
1030 1195 1159 1260 saeculo

45 1324 67 1364 a
85 1291 281 1364 Parisiensis
304 1298 426 1363 codicis
448 1299 577 1364 librario
599 1300 828 1385 praetermitti3
851 1299 953 1363 etsie
975 1297 1088 1364 eodem
1111 1300 1159 1363 vi·

44 1404 96 1467 tio
130 1423 185 1467 eos
214 1423 341 1486 quoque
369 1401 468 1467 libros
497 1402 651 1466 maculari
678 1411 746 1468 tum
774 1423 905 1467 necesse
927 1409 1012 1485 erat,
1041 1403 1159 1486 quiex

44 1506 120 1570 tali·
138 1504 315 1591 archetypo
343 1505 470 1570 initium
499 1504 665 1572 duxerant.
712 1503 822 1588 Quare
851 1503 979 1570 codices
1001 1504 1162 1598 eiusmodi

45 1633 151 1694 quum
173 1629 212 1672 eo
233 1630 345 1675 omnes
366 1609 455 1674 fonte
477 1609 582 1674 editos
602 1632 813 1695 persuasum
804 1629 870 1673 non
885 1608 927 1674 sit
941 1593 1071 1692 nemini,
1092 1610 1157 1672 iarn

44 1711 124 1777 inde
149 1711 284 1795 accidit,
313 1720 350 1777 ut
375 1713 530 1779 familiam
553 1735 679 1799 qnoque
702 1714 850 1779 codicum
873 1695 1072 1798 Spirensinm
1094 1711 1157 1777 hoc

43 1817 123 1902 ipso
144 1815 224 1879 vitio
245 1760 393 1880 laborant
379 1823 445 1881 tem
463 1838 503 1882 ex
522 1816 605 1882 libro
619 1817 795 1883 Parisicnsi
808 1810 906 1886 4807
923 1815 1043 1882 editam
1058 1814 1157 1880 fnisse

42 1911 219 1983 fateamur.

138 2019 330 2108 Significare
352 2029 407 2086 aut
409 2044 459 2087 em
393 2023 621 2090 tvolnmus
636 2047 691 2090 eos
705 2024 908 2111 potissimum
922 2022 1158 2107 manuscriptos

44 2124 164 2207 libros,
194 2125 250 2209 qui
276 2143 478 2190 communem
507 2127 628 2192 fontem
657 2127 776 2193 habent
802 2127 947 2193 codicem
971 2125 1157 2218 Spirensern

45 2227 323 2314 antiquissimum
352 2230 407 2313 qui
436 2251 545 2296 omnes
572 2238 610 2296 ut
631 2252 761 2298 necesse
783 2239 832 2297 est
855 2249 1058 2316 summopere
1079 2248 1158 2294 con·

45 2333 200 2398 sentiunt.
245 2331 362 2416 ltaque
389 2333 445 2417 qui
472 2331 537 2397 buc
565 2319 877 2419 pertinent'eodices
898 2357 1032 2400 numero
1054 2329 1155 2398 XlII.

45 2459 111 2501 non
141 2436 246 2501 solum
274 2434 409 2499 eandem
432 2429 707 2520 Cosmographiae
721 2435 880 2522 'formem'
900 2435 1069 2516 exhibent,
1097 2435 1156 2499 sed

45 2540 309 2623 complectantur
336 2535 434 2598 etiam
464 2519 691 2619 opusculorum
705 2534 785 2622 ¹fere
807 2534 921 2598 seriem
943 2555 1031 2615 eam,
1059 2553 1156 2616 quarn

45 2650 144 2707 vetus
165 2639 219 2704 ille
242 2636 346 2703 codex
375 2637 568 2704 continebat.
613 2637 743 2704 Etenim
766 2635 926 2723 Spirensis
948 2635 1023 2702 libri
1044 2643 1157 2700 auctor

46 2768 149 2829 quum
179 2742 282 2808 multa
309 2743 431 2828 scripta
457 2740 675 2832 geographica
702 2741 736 2806 in
761 2763 860 2807 unum
884 2761 1000 2826 eorpus
1022 2761 1156 2828 conges-

47 2849 154 2931 sisset,
178 2847 366 2912 collectione
389 2869 428 2912 ea
448 2856 630 2934 temporum
653 2846 851 2930 sequentium
866 2843 1011 2938 homines
1025 2867 1084 2932 pro
1099 2866 1155 2908 en-

48 2951 186 3017 chiridio
208 2951 343 3016 utebant
329 2958 397 3030 t3ur
425 2974 489 3036 quo
511 2952 633 3017 factum
656 2957 715 3034 est,
737 2956 775 3014 ut
797 2948 945 3034 religiose
966 2954 1054 3011 totus
1075 2946 1157 3011 liber

48 3077 106 3141 per
128 3062 179 3120 tot
200 3055 330 3119 saecula
352 3052 593 3120 describeretur.
678 3059 682 3064 “

137 3158 234 3221 Hanc
256 3155 355 3242 igitur
376 3157 418 3222 ob
441 3178 570 3224 causam
594 3176 704 3222 omncs
727 3153 855 3220 codices
871 3150 1064 3218 familian.
1081 3173 1155 3218 enm
1210 3177 1219 3196 ·

47 3259 164 3325 codice
187 3255 332 3343 Spirensi
361 3259 457 3325 talem
486 3257 762 3354 Cosmographiae
788 3237 1060 3342 inscriptionem
1062 3279 1155 3343 prae·

46 3363 170 3430 ferunt.
1164 3367 1168 3376 ⁴

105 3451 332 3551 „1N01P1T.
349 3464 508 3534 SITVS.
523 3465 609 3531 ET.
624 3462 932 3537 DESCRIPTIO.
945 3459 1102 3530 ORBIS.

459 3567 752 3636 TERRARVW

52 3673 153 3739 etita
174 3672 315 3758 quidem,
337 3681 374 3740 ut
395 3695 476 3740 voce
500 3671 676 3757 „Slrvffl
699 3657 883 3762 designetur
899 3672 987 3766 prior
1001 3671 1055 3736 illa
1068 3687 1169 3758 pares

53 3797 149 3859 quam
163 3777 247 3843 Iulio
263 3763 395 3845 Oratori
410 3759 633 3845 ascribendam
648 3797 718 3842 esse
733 3776 1036 3856 demonstravimus3
1057 3772 1156 3857 „Dll-

54 3875 294 3947 SORIPTIW
325 3891 431 3949 autem
463 3880 627 3966 „ORBIS
657 3879 945 3948 TERRABVW
975 3879 1017 3945 ad
1046 3876 1156 3944 Orosii

55 4001 132 4067 opus
153 3985 302 4071 pertinet.

137 4087 265 4153 Horum
286 4089 385 4175 igitur
407 4089 562 4156 librorum
576 4089 621 4154 Π.
638 4090 693 4174 qui
711 4111 752 4154 ex
768 4041 895 4174 integro
911 4087 1055 4174 Spirensi
1070 4109 1155 4152 enra-

56 4201 179 4276 narunt,
201 4193 234 4257 in
251 4191 394 4258 ordinem
409 4194 549 4280 priorem
565 4192 809 4260 collocabimus.
834 4192 1032 4278 conscriptos
1047 4200 1154 4258 autem

56 4295 91 4356 eo
112 4303 267 4384 tempore,
290 4317 353 4380 quo
376 4305 518 4364 extrema
540 4294 816 4386 cosmographiae
838 4319 902 4364 una
923 4319 997 4365 cum
1018 4296 1154 4363 Itinera-
