2784 5106
557 537 598 605 29

116 711 257 778 Accedit
274 751 310 764 -
329 712 356 776 si
372 710 501 796 quidem
515 711 578 778 hoc
592 712 664 776 loco
681 711 775 778 nobis
792 735 830 777 ea
843 716 1027 802 praecipere
1042 715 1130 798 licet,

21 837 111 900 quae
138 815 263 882 nonnisi
287 813 493 900 sequentibus
514 815 641 903 paginis
663 814 710 879 ita
732 837 768 880 se
788 812 906 882 habere
929 818 1130 904 comprobari

19 927 163 1005 possunt
188 957 230 966 —
257 917 344 1003 quod
371 942 412 984 ex
440 918 502 990 hac
530 917 672 984 secunda
693 916 968 1005 cosmographiae
991 919 1130 986 editione

20 1022 123 1087 tertia
150 1022 218 1087 sive
238 1045 278 1087 ea
299 1031 372 1088 orta
394 1031 444 1088 est
464 1023 624 1105 recensio,
654 1043 736 1106 quae
766 1020 852 1107 apud
873 1021 938 1087 Ios.
959 1020 1131 1090 Simlerum
1188 1067 1196 1074 -

21 1134 214 1211 ceterosque
237 1125 375 1192 editores
396 1126 571 1208 invenitur3
594 1125 653 1192 sed
673 1126 721 1190 ita
742 1134 814 1190 orta
829 1133 889 1209 est,
911 1133 948 1190 ut
969 1124 1002 1188 in
1025 1122 1131 1189 medio

20 1230 193 1312 utriusque
214 1229 408 1296 recensionis
430 1229 551 1295 Dicuili
571 1229 652 1294 liber
674 1237 707 1293 et
729 1227 849 1293 codicis
871 1227 1010 1294 Romani
1030 1225 1132 1292 Casa·

20 1332 171 1397 natensis
194 1339 258 1396 stet
280 1328 510 1419 apographum.
554 1331 684 1396 Etenim
707 1327 933 1396 Casanatensis
954 1331 1046 1414 liber,
1071 1330 1132 1395 etsi

21 1434 157 1499 saeculo
180 1432 308 1499 demum
330 1433 427 1500 XIV.
452 1441 617 1516 exaratus,
646 1442 754 1498 tamen
782 1432 849 1498 sive
877 1440 967 1498 recta
989 1433 1043 1496 via
1065 1433 1132 1497 sive
1194 1434 1197 1440 “

20 1561 84 1624 per
108 1538 276 1603 circuitum
299 1536 478 1622 descriptus
501 1545 605 1601 estex
621 1535 732 1602 codice
748 1535 925 1621 deperdito,
949 1558 1042 1620 quem
1057 1545 1131 1620 post

19 1641 152 1706 initium
174 1641 292 1707 saeculi
314 1640 423 1705 octavi
445 1641 661 1725 conscriptum
685 1662 751 1705 non
770 1639 868 1704 firisse
890 1638 1131 1704 concedendum

21 1752 82 1810 est.
120 1743 207 1809 Nam
229 1744 292 1810 hoc
314 1743 426 1809 eodem
444 1742 491 1828 (id
514 1751 563 1808 est
585 1744 714 1826 octavo)
734 1741 1130 1808 saeculoVindobonensis

20 1849 108 1913 liber
131 1856 280 1912 exaratus
302 1856 361 1929 est,
388 1846 443 1929 qui
463 1847 585 1911 fontem
606 1846 705 1912 habet
726 1846 840 1912 tertiae
861 1846 1053 1912 recensionis
1076 1869 1131 1912 co-

22 1952 133 2016 dicem
157 1973 241 2032 cum,
264 1972 358 2035 quem
380 1949 463 2012 infra
484 1949 592 2014 littera
607 1949 648 2013 A.
673 1950 878 2037 signavimus,
901 1958 934 2016 et
950 1950 1006 2035 qui
1021 1973 1061 2014 ex
1077 1971 1132 2014 co·

23 2055 106 2122 dicis
131 2051 365 2120 casanatensis.
381 2053 555 2138 exemplari
577 2061 672 2118 natus
695 2063 753 2119 est.

682 2209 759 2274 [Ccd.
772 2213 804 2264 X.
824 2229 890 2264 saec.
900 2210 978 2274 vm]

529 2315 607 2380 [Cod.
619 2319 651 2368 Y.
659 2281 1005 2382 W!

390 2419 468 2482 [a.
481 2385 857 2510 W1
895 2388 1130 2506 aaran

249 2487 704 2612 [Cosam
785 2522 956 2572 eoeneum

8 2594 10 2606 Ι
43 2633 111 2684 Cod.
125 2589 566 2681 vinum
615 2624 797 2676 Cedensana-
812 2593 938 2642 mmm

149 2715 214 2750 saec.
228 2700 296 2751 VIII.
612 2698 689 2746 tensis
700 2697 794 2748 s.XIV.

380 2769 444 2820 Cod.
456 2768 583 2831 Neapolit.
595 2767 754 2834 Bomonicae

499 2853 565 2889 saec.
578 2839 636 2890 XV.

117 2978 228 3062 Quare
250 2977 370 3044 codicis
386 2975 614 3044 Casanatensis
636 2975 846 3063 archetypum
862 2974 959 3059 (Cod.
973 2978 1024 3060 Z.)
1045 2978 1132 3061 quod

29 3109 69 3151 ex
89 3083 213 3150 Dicuili
237 3082 357 3147 codicis
380 3081 554 3166 exemplari
570 3078 666 3167 (God.
682 3079 738 3163 Y.)
764 3078 959 3166 descriptum
982 3103 1050 3146 esse
1074 3103 1131 3146 suo

27 3190 101 3255 loco
125 3185 430 3266 demonstrabimus,
459 3206 555 3268 quum
583 3191 659 3270 post
680 3183 806 3249 initium
828 3185 946 3250 saeculi
962 3184 1057 3250 VIII.
1081 3207 1132 3248 or-

28 3301 99 3356 tum
121 3311 185 3352 non
209 3288 265 3351 sit:
295 3287 453 3369 sequitur,
479 3287 594 3353 librum
622 3309 694 3352 eum
722 3311 762 3353 ex
784 3311 848 3374 quo
870 3288 949 3353 illud
971 3289 1132 3354 emanavit

29 3405 62 3460 et
89 3394 160 3480 ipse
182 3389 304 3454 Dicuili
331 3391 565 3473 manuscriptus
592 3391 674 3458 liber
696 3391 823 3457 -.hcc
852 3401 901 3457 est
923 3389 1006 3456 Ood.
1021 3392 1065 3454 Y.
1090 3429 1131 3438 -

30 3496 158 3562 saeculo
180 3494 294 3560 saltem
316 3491 453 3578 septimo
476 3495 686 3576 compositum
707 3497 821 3577 firiss03
852 3518 915 3581 qua
936 3518 977 3560 ex
999 3516 1033 3560 re
1056 3517 1131 3560 con-

31 3599 203 3681 cludimus,
234 3596 331 3662 alium
353 3617 426 3660 eum
449 3592 594 3660 codicem
615 3597 728 3680 fnisse,
757 3621 795 3665 ac
819 3599 1053 3668 Scorialensem
1074 3623 1132 3664 no·

31 3709 133 3767 strum
154 3701 273 3767 saeculi
295 3698 411 3766 octavi.
455 3695 617 3780 Quoniam
646 3708 752 3765 autem
779 3703 881 3770 codex
903 3701 1131 3768 Gasanatensis

31 3825 90 3869 nec
118 3825 183 3868 non
204 3804 324 3869 Dicuili
347 3801 450 3868 codex
472 3803 514 3868 ad
539 3801 714 3870 secundam
735 3807 950 3874 recensionem
972 3807 1133 3894 pertinere

32 3907 210 3990 videantur,
223 3908 288 3974 iam
302 3907 469 3992 utriusque
484 3907 606 3974 codicis
621 3927 820 3974 communem
835 3910 956 3978 sontem
969 3907 1131 3994 (cocu.)

34 4011 75 4074 ad
101 4007 234 4079 eandem
261 4011 479 4078 recensionem
504 4011 695 4098 pertinuisse
717 4022 860 4098 apparet
913 4013 1003 4095 Quid
1024 4012 1130 4100 igitur,

34 4113 59 4176 si
82 4137 121 4182 ex
142 4116 205 4182 hoc
226 4116 298 4201 ipso
319 4115 413 4198 libro,
436 4137 533 4200 quum
553 4116 619 4181 iam
637 4114 766 4181 saeculo
781 4116 917 4200 septimo
932 4116 1131 4203 conscriptus

35 4215 90 4301 sit,
116 4218 182 4284 sive
204 4219 311 4304 potius
334 4218 402 4284 eius
424 4241 464 4285 ex
487 4218 663 4308 archetypo
688 4215 790 4305 (Ood.
807 4216 874 4302 X.)
898 4216 1132 4288 Scorialensem

36 4329 177 4388 exortun
199 4343 267 4388 esse
289 4320 443 4388 dicimus?
536 4403 545 4412 ,
