2784 5106
582 488 621 556 13

30 668 103 726 est.
143 661 271 747 Itaque,
293 672 330 729 ut
351 672 476 730 ceteros
497 666 641 747 taceam,
656 664 740 730 inter
753 671 877 729 veteres
891 669 1039 729 auctores
1055 659 1152 728 Olau-

29 764 119 830 dius
143 765 318 833 Salmasius
333 770 385 850 ¹⁰⁷)
418 775 458 832 et·
475 766 594 834 Petrus
613 767 816 854 Wesseling,
846 768 1056 832 recentiorum
1078 766 1152 830 uri-

31 867 174 934 dericus
187 868 316 937 Ritschl
339 879 372 936 et
386 869 591 937 Christianus
606 871 772 955 Peterson,
795 867 1082 958 Oosmographiam
1096 869 1152 936 Iu·

28 971 85 1036 lio
111 970 243 1040 Oratori
270 975 417 1058 tribuunt
424 1000 433 1056 3
463 997 566 1060 neque
594 999 671 1041 vero
699 975 740 1040 ad
770 997 865 1060 quem
892 981 1057 1040 auctorem
1082 995 1154 1038 eam

30 1075 235 1144 reducamus
256 1079 322 1144 ullo
344 1077 442 1143 modo
465 1079 605 1146 dubitari
625 1079 754 1166 poterit.

132 1179 220 1245 Nam
243 1183 272 1246 si
294 1183 401 1267 paullo
419 1183 606 1248 accuratius
627 1183 863 1268 manuscriptos
877 1177 1154 1267 Cosmographiae

34 1283 177 1348 codices
197 1283 390 1368 inspexeris,
413 1285 523 1350 statim
545 1286 714 1370 apparebit
734 1284 880 1366 Aethici,
909 1307 1004 1368 quem
1026 1287 1153 1367 putant,

35 1385 291 1473 Geographium
322 1385 409 1452 aliud
438 1387 517 1452 nihil
547 1409 616 1453 esse
646 1387 708 1452 nisi
736 1387 810 1451 libri
839 1386 923 1469 eius,
954 1386 1009 1470 qui
1036 1384 1154 1448 lulium

33 1489 226 1556 Honorium
255 1498 293 1555 ut
320 1499 483 1556 auctorem
511 1492 649 1578 profert,
682 1488 901 1556 recensionem
934 1487 1029 1552 aliam
1057 1496 1154 1571 atque

34 1602 184 1660 auctam.
224 1593 380 1659 Existunt
397 1602 503 1660 autem
519 1591 794 1683 Cosmographiae
807 1591 1009 1660 recensiones
1024 1591 1154 1657 omnino

34 1709 127 1780 tres,
154 1719 290 1783 quarum
313 1697 454 1763 secunda
476 1698 605 1782 quidem
627 1697 792 1784 hucusque
814 1695 956 1761 nondum
977 1694 1064 1761 edita
1085 1703 1150 1761 est:

33 1825 128 1886 quae
158 1823 223 1886 qua
251 1801 452 1887 potissimum
478 1803 603 1868 ratione
632 1825 671 1868 ex
700 1823 776 1868 vero
797 1800 872 1866 Iulii
894 1798 1042 1866 Oratoris
1069 1798 1152 1866 libro

33 1913 135 1970 ortae
159 1927 229 1970 esse
251 1903 431 1987 videantur,
452 1904 487 1971 id
510 1906 575 1972 suis
597 1905 677 1970 locis
698 1905 782 1970 infra
803 1901 1100 1969 demonstrabimus.

133 2007 186 2072 De
212 2007 295 2073 Iulio
317 2007 464 2074 Honorio
492 2009 578 2075 enim
605 2017 735 2076 auctore
758 2005 1032 2094 Oosmographiae
1061 2004 1153 2070 dubi-

33 2113 104 2177 tari
127 2119 239 2178 vetant
265 2112 475 2199 manuscripti
503 2112 624 2178 codicis
651 2108 825 2176 auctoritas
847 2117 881 2174 et
903 2107 1001 2174 verba
1023 2105 1152 2174 Cassio·

35 2216 123 2282 dori.
170 2215 257 2280 Nam
278 2215 359 2282 liber
380 2215 433 2281 ille
455 2214 689 2303 vetustissimus
712 2224 745 2281 et
764 2213 896 2299 reliquis
919 2212 1080 2278 secundae
1102 2221 1151 2278 at·

35 2343 105 2405 qne
127 2320 243 2386 tertiae
264 2320 459 2386 recensionis
473 2318 699 2405 manuscriptis
718 2319 814 2408 longe
834 2317 996 2402 antiquior
1016 2317 1051 2382 in
1064 2315 1153 2383 hune

34 2423 174 2490 modum
197 2425 329 2510 explicit
341 2426 413 2508 ¹⁰⁸):

135 2525 249 2606 „Haec
271 2525 379 2589 omnia
400 2524 434 2586 in
456 2521 671 2607 descriptione
692 2529 782 2586 recta
804 2521 997 2607 orthografie
1011 2529 1152 2586 transtu-

34 2630 79 2694 lit
109 2627 240 2714 publice
268 2628 316 2692 rei
344 2627 512 2692 consulens
533 2623 635 2694 Iulius
656 2625 821 2690 Honorius
848 2623 1002 2711 magister
1029 2625 1153 2711 peritus

37 2733 151 2818 adque
180 2731 248 2796 sine
276 2731 383 2814 aliqua
413 2729 611 2795 duritatione
640 2729 859 2796 doctissimus
874 2728 929 2793 illo
956 2729 1083 2794 nolente
1112 2751 1151 2794 ac

37 2835 295 2923 subterfugiente
317 2842 428 2900 nostra
448 2833 592 2922 parvitas
614 2833 747 2920 protulit
769 2833 947 2921 divulgavit
968 2843 1001 2899 et
1022 2833 1151 2919 publice

36 2939 196 3006 scientiae
219 2939 344 3004 obtulit.
544 2941 546 2948 '

130 3043 369 3129 Excerptorum
403 3050 556 3127 excerpta
587 3041 740 3127 explicita
773 3039 987 3128 orthograliae
1020 3063 1041 3104 a
1066 3039 1151 3104 Iulio
1177 3029 1180 3036 ’

38 3146 184 3214 Oratore
205 3147 372 3237 utriusque
393 3145 473 3210 artis
493 3145 660 3212 feliciter.“

133 3248 244 3328 Quare
267 3245 539 3334 Cosmographia,
569 3251 597 3316 si
623 3271 688 3313 non
715 3247 756 3313 ab
785 3245 857 3331 ipso
884 3245 968 3312 Iulio
992 3247 1150 3331 Honorio,

37 3364 153 3418 tamen
181 3373 223 3415 ex
251 3351 424 3434 exemplari
453 3374 516 3434 quo
544 3353 578 3417 in
600 3351 718 3420 scholis
740 3350 793 3416 ille
814 3347 982 3432 utebatur,
1011 3350 1051 3414 ab
1074 3373 1151 3414 ano-

38 3478 142 3544 nymo
166 3452 325 3540 discipulo
348 3452 415 3518 eius
435 3455 596 3542 exscripta
618 3457 685 3522 sive
705 3455 814 3542 potius
836 3453 1001 3539 divulgata
1016 3460 1074 3537 est,
1096 3475 1151 3519 ne·

40 3583 105 3644 que
128 3558 226 3624 ullam
249 3562 381 3624 causam
398 3555 541 3622 invenire
555 3580 733 3644 possumus,
757 3583 815 3624 cur
829 3557 953 3622 auctori
968 3557 1021 3622 alii
1034 3558 1151 3624 librum

40 3664 254 3749 assignemus.
300 3659 442 3728 Accedit
464 3659 552 3747 quod
574 3661 702 3726 saeculo
723 3672 815 3728 sexto
836 3662 979 3749 Magnus
1001 3661 1152 3727 Aurelius

42 3764 260 3934 dCassiodorus
287 3765 362 3832 Iulii
388 3765 526 3832 Honorii
554 3761 844 3852 Cosmographiam
871 3767 922 3833 his
950 3765 1056 3832 verbis
1082 3765 1152 3830 lau·

65 3879 101 3936 a
116 3872 187 3953 uus

115 4048 182 4112 107)
200 4052 402 4102 Exercitationes
420 4052 551 4104 Plinianuc
570 4059 618 4104 etc.
635 4067 694 4116 pag.
708 4051 759 4103 770
768 4053 801 4104 A.
821 4049 916 4101 8361).

115 4134 183 4199 108)
199 4139 290 4202 Pomp.
299 4137 368 4188 Mela
379 4140 418 4188 ed.
429 4140 525 4190 Abrah.
536 4136 647 4190 Gronov.
659 4140 741 4203 Lngd.
751 4139 839 4188 Batai.
849 4136 925 4186 1722.
938 4132 974 4188 8⁰.
986 4153 1012 4202 p.
1021 4135 1079 4186 701.
1090 4135 1149 4187 702.

116 4220 182 4283 toa)
201 4224 236 4274 Μ.
254 4225 354 4276 Aurelii
373 4225 519 4276 Cassiodori
538 4225 632 4290 Opera,
651 4228 734 4276 studio
752 4226 773 4275 Ι.
794 4224 897 4276 Garetii.
924 4226 1059 4288 Rotomagi
1073 4222 1148 4274 1679.

43 4313 105 4358 tom.
117 4308 150 4359 IL
170 4309 227 4370 „Do
244 4313 401 4365 institutione
420 4314 561 4365 diurnum
577 4312 716 4364 litterarum
727 4309 816 4365 liber“.
835 4312 942 4378 cap.25.
960 4329 1018 4380 pag.
1028 4309 1088 4362 55³.
1098 4310 1131 4359 A.
1165 4355 1174 4374 ,
