2780 5092
752 484 814 550 194

230 659 399 728 aGraecis
422 659 633 746 excogitatas,
657 657 772 724 deinde
790 658 832 724 ad
848 657 985 724 maiores
999 665 1126 724 nostros
1140 658 1331 744 pervenisse.

230 765 307 834 Sive
336 773 443 830 autem
472 763 628 828 Daretem
656 761 835 849 Phrygium
863 783 959 846 quem
988 761 1117 843 dicunt,
1146 760 1213 826 slve
1236 762 1333 826 alium

229 879 266 934 tu
287 877 451 936 auctorem
474 865 635 950 quondam
657 865 802 932 extitisse
823 865 936 948 mavis,
960 888 1059 952 quum
1077 863 1119 930 de
1136 864 1224 930 hisce
1239 863 1334 930 rebus

231 972 309 1038 certi
331 970 409 1036 nibil
431 968 578 1056 indagari
601 969 713 1054 possit,
736 992 800 1034 non
823 969 946 1034 obsisto
959 970 1028 1050 ⁵²⁹).

738 1223 769 1306 s.
793 1221 824 1290 3.

273 1373 360 1434 QVID
382 1371 418 1420 IN
439 1368 581 1420 FABVLA
603 1368 650 1418 DE
673 1368 788 1417 BELLO
810 1367 1027 1418 FRANCORVM
1047 1367 1121 1419 (ΝΜ
1139 1366 1297 1418 ROMANIS

558 1454 700 1505 LATEAT
722 1454 818 1504 APVD
841 1453 1009 1504 ETHICVM.

318 1589 546 1656 Narrationem
566 1587 678 1652 Ethici
699 1578 741 1652 de
762 1587 853 1652 bellis
874 1589 957 1652 inter
978 1586 1151 1652 Romulum
1174 1593 1207 1651 et
1229 1586 1337 1650 Fran-

231 1715 287 1758 cos
315 1691 394 1756 ortis
422 1689 529 1773 paullo
558 1688 738 1754 accuratius
766 1689 1007 1774 inspicientibus
1029 1688 1121 1754 nobis
1144 1688 1252 1753 statim
1276 1710 1338 1775 ap-

231 1803 339 1884 paret,
367 1815 445 1862 vera
471 1790 517 1855 ibi
542 1791 632 1856 falsis
659 1811 729 1856 esse
757 1793 859 1856 mixta
886 1800 983 1877 atque
1005 1791 1201 1877 perturbata.
1244 1791 1338 1856 Nam

232 1922 314 1985 quae
342 1896 382 1961 de
410 1893 582 1960 Numitore
608 1892 775 1979 Remoque
803 1903 900 1980 atque
928 1893 1067 1972 Romulo
1092 1894 1185 1960 initio
1206 1894 1337 1962 fabulae

231 2008 417 2082 narrantur,
452 2020 490 2062 ea
518 2019 669 2084 magnam
698 2005 823 2083 partem
852 2020 926 2063 cum
953 1999 993 2064 iis
1022 1998 1224 2064 consentiunt
1251 2021 1337 2083 quae

232 2104 319 2193 apud
337 2102 469 2168 Livium
492 2108 677 2183 ceterosque
698 2099 903 2166 historiarum
925 2102 1099 2186 scriptores
1119 2102 1336 2168 inveniuntur.

233 2208 326 2291 Quae
353 2215 460 2272 autem
488 2225 561 2288 pag.
584 2202 659 2270 533.
683 2202 723 2268 de
746 2201 887 2268 secunda
908 2203 1073 2270 eversione
1092 2203 1211 2270 Troiae
1233 2205 1337 2270 subii-

231 2312 369 2389 ciuntur,
390 2313 423 2372 et
445 2313 569 2387 cetera,
591 2303 671 2370 baec
694 2306 801 2370 omnia
822 2327 881 2390 pro
904 2305 998 2394 nugis
1019 2315 1117 2391 atque
1137 2308 1253 2374 fabulis
1276 2309 1337 2375 ba-

230 2412 337 2480 benda
358 2417 441 2477 sunt
485 2406 600 2491 Neque
622 2415 730 2474 tamen
752 2408 799 2472 ita
819 2408 898 2472 ficta
919 2431 988 2476 esse
1009 2410 1174 2496 videntur,
1195 2419 1233 2477 ut
1253 2411 1338 2477 nibil

231 2517 299 2583 veri
320 2516 354 2580 in
375 2513 415 2578 iis
435 2512 551 2590 lateat3
573 2509 636 2576 boc
657 2503 781 2576 tantum
805 2510 976 2578 dicendum
997 2513 1069 2599 erit,
1090 2513 1188 2581 talem
1208 2516 1242 2580 in
1265 2539 1335 2582 mo-

231 2620 308 2686 dum
330 2626 363 2684 et
384 2615 584 2684 saeculorum
606 2621 638 2679 et
659 2622 822 2701 gestarum
850 2637 957 2682 rerum
984 2617 1127 2685 ordinem
1150 2619 1195 2684 ab*
1212 2619 1334 2685 Ethico

230 2723 411 2810 neglectum
434 2739 514 2799 esse,
535 2716 669 2801 utquid
693 2727 806 2784 auctor
826 2717 880 2784 ille
901 2720 1081 2808 significare
1096 2723 1232 2789 voluerit
1245 2723 1335 2790 baud

230 2822 324 2892 facile
344 2821 550 2909 intelligatur.

319 2924 429 3010 Quare
455 2932 493 2990 ut
520 2923 671 2990 brevibus
699 2949 767 2992 rem
795 2947 870 2991 sane
905 2923 1124 2992 difficillimam
1153 2929 1334 3012 absolvam,

230 3031 384 3098 Ethioum
398 3036 542 3094 nostrum
559 3027 598 3093 de
613 3028 704 3094 bellis
715 3029 803 3114 loqui
818 3029 1051 3112 affirmaverim,
1064 3029 1180 3114 quibus
1193 3044 1339 3098 exeunte

231 3134 359 3204 saeculo
386 3133 484 3200 tertio
505 3132 674 3218 imperium
697 3131 878 3198 Romanum
900 3133 1087 3200 vexabatur.
1133 3135 1337 3222 Accepimus

227 3240 315 3304 enim
336 3259 401 3304 non
423 3236 526 3303 solum
539 3235 748 3302 Valerianum
761 3234 994 3322 Imperatorem
1018 3236 1257 3323 (253-260.),
1279 3264 1336 3306 ve-

230 3365 301 3408 rum
323 3342 421 3407 etiam
443 3336 614 3404 Claudium
635 3339 725 3404 illum
740 3336 918 3406 Gothicum
942 3342 1164 3426 (268-270.)
1186 3365 1246 3408 nec
1269 3367 1336 3409 non

230 3447 441 3513 Aurelianum
465 3441 691 3529 (aro-275.)
722 3450 818 3527 atque
840 3443 984 3512 Probum
1013 3447 1238 3532 (276-282.)
1263 3471 1333 3516 sae-

230 3548 359 3632 pissime
382 3545 535 3612 adversus
557 3541 696 3629 Gothos,
718 3546 927 3634 Alamannos,
948 3549 1104 3634 Francos,
1125 3550 1335 3636 Batavosque

231 3650 371 3734 aliasque
398 3657 511 3736 gentes
538 3647 641 3712 aciem
668 3648 871 3732 instruxisse3
901 3661 935 3718 et
958 3653 1177 3738 „Francorum
1203 3653 1332 3745 Regum

231 3753 353 3822 Gesta“
377 3774 460 3839 quae
482 3773 580 3838 supra
600 3751 665 3818 iam
686 3751 887 3821 laudavimus
909 3779 973 3824 non
987 3757 1171 3842 Romulum,
1187 3766 1223 3824 ut
1236 3757 1332 3824 Ethi-

231 3880 304 3942 cus,
326 3857 384 3926 sed
406 3855 666 3924 Valentinianum
688 3857 715 3922 I.
739 3857 971 3945 Imperatorem
995 3862 1231 3945 (ter-375.)
1256 3884 1332 3927 cum

229 3962 365 4028 Francis
386 3971 420 4028 et
440 3959 554 4028 Alanis
577 3959 746 4026 dimicasse
767 3962 920 4030 scribunt.

299 4117 368 4183 529)
389 4121 509 4175 Ceterum
526 4127 591 4187 vide,
610 4138 676 4187 qnae
694 4125 725 4174 de
744 4125 840 4188 origine
858 4127 948 4177 harum
966 4125 1108 4178 fabularum
1126 4130 1239 4194 disputat
1255 4129 1332 4180 Leib-

228 4204 308 4292 niaius
325 4209 352 4256 in
371 4209 530 4267 „Annalibus
547 4211 649 4273 Imperii
668 4209 838 4272 Occidentis“‚
862 4212 928 4261 adid.
948 4210 979 4261 G.
992 4212 1025 4262 Η.
1037 4213 1120 4278 Perta,
1138 4224 1200 4266 tom.
1213 4217 1233 4267 1.
1263 4217 1331 4268 Han-

227 4303 335 4341 noverae
356 4289 432 4343 1843.
450 4291 493 4344 8⁰.
512 4310 567 4357 cap.
581 4295 650 4352 VIII,
668 4309 725 4356 pag.
742 4295 781 4344 lt.
795 4305 858 4345 extr.
877 4304 903 4348 ct
920 4312 978 4362 pag.
994 4298 1035 4352 12.
1047 4301 1101 4352 init
