2780 5092
586 515 647 583 185

60 717 130 762 sus
152 691 265 758 orbis
288 697 421 754 terrae
443 689 662 772 frequentatus
685 699 749 771 est3
773 691 821 756 sic
842 690 989 756 nationes
1011 711 1068 756 eae
1085 713 1167 775 quae

62 794 309 864 Occidentis
337 792 776 880 partem-etEuropam
798 793 963 878 habitant,
992 795 1019 859 si
1041 801 1167 860 nostras

61 901 189 967 fabulas
212 896 445 980 consequimur,
470 919 510 962 ex
527 896 645 962 Troiae
666 897 754 964 urbis
775 897 850 986 igne
872 905 905 962 et
928 895 1088 962 cineribus
1109 897 1169 962 iui-

62 1006 145 1070 tium
169 999 301 1067 ducunt.
337 996 447 1080 Quum
469 1000 554 1066 enim
575 1007 649 1064 ante
664 999 840 1066 Troianum
862 1001 979 1067 bellum
1001 1000 1088 1066 nulla
1102 1001 1169 1067 fere

63 1107 258 1194 populorum
285 1102 449 1168 distinctio
463 1129 466 1136 ·
479 1110 578 1185 esset,
606 1102 653 1168 ita
678 1113 717 1168 ut
743 1103 830 1190 apud
851 1104 1029 1170 Homerum
1056 1104 1168 1170 eadem

64 1212 176 1297 lingua
197 1229 307 1272 ornnes
329 1227 405 1271 usos
428 1225 498 1270 esse
519 1205 728 1289 inveniamus,
751 1207 806 1292 qui
824 1229 864 1272 ue
879 1205 1025 1274 Graecos
1039 1207 1168 1292 quidem

65 1337 86 1377 a
107 1312 325 1378 Barbarorum
348 1308 496 1397 gentibus
519 1308 703 1394 divisium),
725 1319 799 1396 post
822 1333 965 1378 eversam
983 1311 1113 1376 Troiam
1135 1312 1168 1376 in

65 1417 211 1482 nationes
233 1414 350 1479 multas
373 1419 560 1500 segregatos
577 1411 680 1477 dhisse
700 1435 756 1478 eos
776 1414 921 1501 legimus.

154 1518 270 1602 Neque
293 1515 412 1582 Graeci
435 1517 537 1582 solum
563 1523 596 1580 et
617 1515 744 1600 Latini,
774 1525 830 1582 aut
858 1518 913 1603 qui
934 1517 1050 1606 Magni
1071 1518 1170 1584 maris

66 1647 125 1688 ora
146 1621 335 1687 habitabant
356 1621 484 1708 populi,
511 1620 552 1686 ab
575 1619 722 1687 incendio
745 1620 863 1687 Troiae
884 1622 977 1688 initia
998 1644 1057 1688 sua
1078 1645 1169 1707 repe-

67 1725 195 1790 tebant:
223 1723 310 1789 haud
339 1724 431 1789 aliter
459 1722 543 1788 enim
566 1725 642 1808 qnia
663 1723 776 1789 eadem
797 1725 899 1810 stirpe
921 1735 1010 1792 ortas
1031 1746 1101 1790 sese
1121 1722 1170 1790 in-

70 1827 250 1914 telligerent
264 1823 474 1892 Germanicae
496 1848 623 1912 quoque
644 1834 757 1913 gentes
780 1848 820 1891 ex
841 1827 896 1890 illa
915 1827 995 1892 urbe
1010 1827 1169 1912 quondam

9 1911 17 2004 i
70 1929 205 1996 maiores
226 1951 301 1996 suos
321 1929 517 2017 processisse
538 1929 761 2016 opinabantur.

75 2065 83 2088 x
160 2035 188 2100 1.
234 2032 327 2116 Quae
349 2032 479 2118 quidem
500 2030 640 2115 fabulae,
661 2032 694 2096 ni
715 2031 819 2115 fallor,
842 2031 928 2118 apud
952 2030 1097 2100 Graecos
1119 2055 1170 2098 or·

68 2147 122 2203 tae
143 2145 233 2220 sunt,
262 2159 282 2201 a
311 2137 428 2222 quibus
450 2133 491 2201 ad
514 2135 651 2201 maiores
673 2144 800 2202 nostros
822 2137 1171 2222 pervenerunt30cuius

68 2242 115 2306 rei
136 2242 308 2329 vestigium
330 2238 493 2326 quoddam
508 2237 595 2326 apud
609 2237 798 2326 Euripidem
812 2240 1000 2308 invenimus.
1034 2240 1172 2328 Legitur

68 2345 208 2411 enimin
231 2343 370 2413 Seholiis
394 2343 436 2408 ad
458 2341 709 2409 Andromachen
732 2342 774 2409 ad
796 2367 923 2410 versum
946 2347 1021 2414 222.
1035 2347 1108 2428 ⁵⁰²):

158 2445 409 2534 »Ἀναξικράτης
431 2445 494 2533 γὰρ
518 2451 553 2512 ὲν
576 2449 614 2536 τῇ
636 2442 669 2529 ff
692 2448 757 2510 τῶν
775 2444 971 2532 Ἀργολικῶν
994 2445 1097 2523 οὕτως
1120 2451 1171 2512 λέ-

67 2573 131 2634 γει·
156 2551 174 2617 ὁ
199 2551 234 2616 δὲ
253 2547 414 2638 Ἀμφινέα
436 2551 492 2614 καὶ
506 2543 750 2634 Σκαμάνδριον
771 2543 831 2615 τὸν
844 2544 1000 2634 Ἕκτορος
1021 2544 1094 2614 υἱὸν
1116 2553 1172 2615 καὶ

67 2659 279 2742 παλαίτερον.
313 2645 401 2732 ἦσαν
424 2655 457 2718 δὲ
480 2649 569 2738 αὐτῷ
589 2643 685 2727 οὗτος
706 2653 766 2736 μὲν
781 2647 897 2732 νόθος,
920 2646 957 2728 ὃς
971 2647 1172 2744 κατελήφθη

68 2765 103 2824 ἐν
123 2757 218 2840 Ἰλίῳ,
241 2757 297 2821 καὶ
320 2751 511 2820 ἀπόλλυται.
542 2746 635 2821 οὗτοι
657 2755 691 2820 δὲ
714 2751 938 2835 διασώζονται.
970 2753 1172 2842 Σκαμάν-

70 2864 187 2946 dorne
210 2858 250 2922 δὲ
273 2854 448 2946 ἀφίκετο
471 2864 527 2924 eir
556 2861 777 2924 Tanataa‘fi

158 2961 317 3028 Troianos
339 2961 441 3043 enim,
472 2961 527 3044 qui
552 2983 593 3025 ex
615 2960 761 3026 incendio
784 2961 874 3026 urbis
895 2960 936 3025 ad
959 2983 1031 3026 oras
1052 2961 1174 3026 Euxini

71 3065 169 3128 Ponti
191 3064 412 3151 confugientes
434 3061 480 3127 ibi
502 3086 618 3128 novam
646 3063 757 3128 urbem
781 3071 878 3147 atque
899 3085 1017 3129 novum
1038 3085 1173 3152 regnum

72 3167 274 3234 constituisse
297 3164 502 3248 dicebantur,
529 3165 763 3233 Germanorum
785 3167 921 3232 maiores
943 3168 1041 3233 fuisse
1063 3169 1175 3234 volunt

70 3271 205 3336 fabulae.
252 3267 362 3352 Quare
390 3269 554 3336 nescimus
576 3273 603 3338 si
625 3287 706 3339 unus
727 3269 806 3336 talia
827 3271 1041 3337 Anaxicrates
1063 3281 1174 3359 protu-

70 3374 159 3456 lerit3
183 3374 331 3460 equidem
354 3375 451 3439 alium
475 3374 581 3440 adhuc
602 3375 759 3440 neminem
781 3373 1052 3461 investigavimus.

160 3480 189 3546 2.
226 3476 318 3560 Quae
340 3485 450 3544 tamen
473 3486 546 3543 utut
568 3500 603 3543 se
625 3477 755 3562 habent,
777 3478 839 3543 hoc
862 3486 985 3544 certum
1008 3487 1067 3562 est,
1091 3476 1176 3545 Ger·

72 3581 213 3648 manicas
235 3581 381 3646 nationes
396 3604 435 3647 ex
447 3580 597 3648 Troianis
617 3589 705 3648 ortas
724 3605 793 3649 sese
807 3580 1101 3671 praedicasse⁵⁰²·).
1131 3583 1177 3648 Et

141 3807 210 3870 501)
231 3808 276 3856 csr.
289 3809 432 3872 Thukydid.
450 3812 470 3871 I,
491 3809 515 3859 3.

141 3891 210 3954 502)
230 3893 276 3942 ch.
294 3893 422 3956 Euripidis
436 3897 592 3960 ‘Tragoedias
610 3905 636 3948 et
653 3899 813 3960 magmenta,
832 3917 882 3951 rec.
901 3907 949 3950 etc.
967 3898 1033 3961 Aug.
1046 3897 1176 3958 Matthiae,

72 3989 133 4030 tom.
152 3981 184 4030 V.
203 3981 308 4044 Lipsiae
328 3978 405 4030 1818.
423 3977 465 4031 8⁰.
484 3998 542 4046 pag.
556 3982 616 4034 556.

142 4063 231 4127 toas)
251 4067 296 4116 cfr.
310 4067 330 4116 1.
345 4066 471 4129 Grimm‚
491 4069 583 4119 Gesch.
602 4071 648 4119 der
665 4069 804 4119 deutschen
816 4071 929 4134 Sprache
941 4079 1001 4121 tom.
1011 4071 1033 4130 I,
1044 4085 1102 4133 pag.
1113 4068 1176 4120 520:

72 4153 170 4209 „Unter
192 4152 260 4203 alien
277 4153 426 4204 Deutsohen
447 4153 567 4203 scheinen
585 4153 713 4204 Gertichte
732 4169 782 4202 von
800 4157 895 4207 urslter
911 4157 1115 4220 Eiuwanderung
1132 4171 1177 4206 aus

72 4238 151 4288 Asisn
170 4239 380 4299 uachznzucken,
399 4240 440 4288 die
459 4237 514 4288 sich
532 4238 589 4288 bald
608 4255 641 4288 sn
658 4238 813 4300 Alexander,
833 4243 891 4292 bald
909 4260 942 4294 an
960 4241 1046 4305 Troja,
1063 4243 1178 4294 Priamus

73 4324 123 4372 und
139 4323 242 4374 Aeneas
262 4342 293 4374 zu
311 4324 426 4387 kndpssn
444 4323 575 4374 suchtcn“.
