2780 5092
586 475 648 544 153

153 653 186 722 ,2.
232 647 278 714 llit
304 649 408 736 primo
440 648 569 734 quidem
597 648 751 714 Ethicuru
786 667 903 734 genere
930 647 1075 735 Illyrium
1102 671 1167 715 non

70 753 165 817 firisse
187 752 376 816 verisimile
398 760 462 834 est,
491 775 589 837 quum
618 753 678 816 sub
700 752 796 816 finem
821 747 1095 838 cosmographiae
1108 756 1165 835 ³⁶¹)

69 853 166 919 verba
194 855 390 919 inveniamus
417 855 513 919 haec:
550 853 719 940 „Explicit
745 853 826 918 liber
846 853 958 918 Ethici
985 855 1167 942 philosophi

71 954 303 1044 Cosmographi
324 957 488 1023 natione
510 957 729 1044 Scythica,
753 954 858 1022 nobili
879 958 1030 1043 prosapia
1051 980 1166 1042 peren-

70 1063 153 1124 tum“
178 1067 239 1126 etc.
284 1059 468 1146 Illyriorum
494 1061 579 1124 onim
607 1067 736 1148 gentem
765 1058 806 1122 ab
829 1057 962 1145 Scythis
990 1060 1166 1126 diversissi-

69 1185 149 1227 mam
173 1185 244 1228 esse
265 1183 360 1226 nemo
382 1184 446 1226 nou
467 1163 624 1250 intelligit.
671 1159 747 1243 Qua
769 1183 810 1226 ex
830 1184 866 1226 re
888 1163 1047 1247 sequitur,
1071 1161 1166 1227 Ethi-

68 1287 138 1331 cnm
153 1287 196 1329 ne
212 1263 256 1328 ad
266 1263 450 1329 Aethioes
465 1264 592 1348 quidem
607 1265 797 1349 pertinuisse
811 1265 845 1328 in
856 1265 957 1351 Epiro
972 1263 1164 1347 habitantes,

67 1389 205 1451 quorum
220 1367 348 1451 saepius
364 1365 543 1450 Strabo⁸⁶²l
558 1368 712 1450 meminit,
726 1369 788 1433 etsi
801 1390 917 1435 nomen
933 1368 1163 1451 Aethione)

65 1493 124 1554 pro
146 1470 213 1534 illis
234 1467 387 1534 dimicare
408 1469 490 1535 forte
512 1469 669 1554 quispiam
691 1470 871 1537 contendet.
909 1471 1050 1539 Accedit
1066 1470 1165 1555 quod,

66 1573 91 1638 si
113 1570 309 1639 Strabonem
338 1573 514 1655 sequimur,
543 1580 648 1638 aetate
676 1575 743 1646 eiras
764 1573 920 1642 Aethices
941 1577 1008 1642 sive
1031 1575 1166 1640 extincti

66 1683 170 1757 erant,
193 1673 262 1738 sive
285 1695 324 1737 ex
346 1674 425 1738 locis
451 1683 545 1741 autea
566 1677 706 1744 obsessis
727 1676 941 1744 discesserant
953 1681 1024 1762 Ἧι
1054 1679 1164 1762 itaque

66 1777 125 1842 hos
138 1775 436 1861 praetermittendos
458 1799 528 1842 esse
548 1787 711 1862 putamus,
732 1802 834 1862 neque
848 1778 1092 1868 Oosmographo
1106 1804 1165 1846 no-

67 1901 140 1944 men
162 1877 290 1943 Aethici
310 1877 409 1944 fuisse
430 1877 599 1960 credimus,
622 1877 681 1942 sed
702 1877 890 1960 Echione).

152 1979 240 2062 Quid
266 1979 387 2067 igitur?
415 2001 491 2044 num
515 1978 677 2065 Scythica
703 1979 855 2064 prosapia
875 1978 1028 2046 Ethioum
1056 1983 1163 2046 oriun-

64 2083 139 2149 dum
162 2105 231 2149 esse
253 2082 492 2152 concedendurn
515 2081 597 2150 erit?
620 2080 750 2148 Scimus
769 2089 894 2147 veteres
911 2083 1085 2168 scriptores
1106 2107 1163 2148 no-

64 2187 184 2252 tissimo
195 2207 284 2252 more
294 2209 404 2253 omnes
414 2187 479 2254 fere
494 2195 607 2275 gentes
622 2185 887 2270 septentrionales
902 2207 984 2270 quae
998 2187 1039 2252 ab
1048 2187 1163 2253 Histro

62 2289 135 2354 inde
156 2311 259 2374 usque
281 2289 323 2354 ad
338 2289 502 2376 Riphaeos
516 2299 641 2356 montes
655 2296 689 2352 et
702 2311 790 2355 mare
801 2286 957 2374 Caspium
971 2289 1163 2356 habitabant

63 2391 258 2478 Scytharum
278 2393 407 2456 nomine
431 2392 631 2476 designasse,
658 2391 707 2452 ita
734 2398 771 2452 ut
791 2412 855 2452 uno
878 2391 1035 2456 vocabulo
1058 2391 1163 2457 diver·

62 2496 201 2560 sissimus
232 2495 379 2558 nationes
414 2488 720 2576 comprehenderent
736 2489 810 2568 ⁸⁵⁶).
868 2487 924 2552 Sic
953 2489 1080 2552 nomine
1107 2492 1163 2555 illo

61 2597 273 2683 appellantur,
295 2595 323 2660 si
346 2593 491 2679 exempla
513 2588 675 2656 afferenda
696 2598 785 2672 suut,
808 2588 961 2686 IazygeS,
984 2589 1163 2673 Sarmatae,

61 2701 181 2784 Solavi,
198 2698 288 2783 Geti,
307 2695 421 2779 Gothi,
443 2694 555 2761 Hunni
578 2702 639 2758 etc.
663 2692 718 2777 qui
740 2713 850 2758 omnes
873 2692 1002 2760 minime
1017 2693 1067 2758 ad
1088 2715 1162 2760 ean-

60 2802 132 2868 dem
154 2806 288 2890 stirpem
304 2801 479 2888 pertinent
517 2797 551 2862 N
553 2820 614 2879 am,
637 2806 674 2862 ut
694 2795 845 2864 brevibus
867 2799 1087 2882 quaestionem
1101 2797 1163 2864 dif-

59 2984 89 3032 ‹le
108 2999 136 3032 re
154 2985 212 3032 vide
229 2985 295 3033 inter
312 2985 362 3033 alia
379 2982 570 3045 inscriptionem
587 2979 719 3042 operis-
730 2984 785 3028 tum
801 2979 861 3026 inde
879 2979 964 3040 colligi
980 2983 1074 3040 potest,
1092 2981 1160 3039 quod

57 3069 206 3126 Romulum,
223 3068 249 3115 h.
264 3083 286 3116 c.
303 3043 434 3117 Romanos
451 3064 508 3126 (cfr.
527 3065 593 3114 inira
610 3069 687 3127 capnt
701 3061 725 3111 3.
743 3069 769 3112 et
787 3077 890 3112 exrema
907 3063 1084 3126 disputationis
1101 3077 1161 3113 nes-

57 3149 125 3210 trae)
146 3165 206 3197 cum
222 3152 385 3212 popularibus
403 3153 454 3200 suis
473 3151 647 3202 cruentissima
663 3148 731 3198 belle
747 3149 857 3209 gessisse
868 3157 953 3200 narrat
963 3165 989 3214 p.
999 3147 1148 3200 aea-53⁴.

131 3229 202 3293 351)
220 3248 277 3298 pag.
291 3233 350 3284 541.
604 3229 612 3243 “

130 3316 200 3380 352)
219 3320 297 3370 scilic.
315 3333 373 3384 pag.
387 3317 445 3382 326,
465 3319 525 3383 ³27,
542 3319 603 3383 430,
621 3318 681 3370 434.

129 3401 199 3466 353)
217 3406 333 3457 Nominis
355 3407 423 3457 euim
445 3407 527 3460 ferma
545 3403 702 3465 „Aethicus“
720 3417 767 3468 pro
787 3401 916 3462 „Aethix“
934 3405 974 3453 vel
992 3403 1159 3463 „Aethicius“

58 3496 84 3543 in
107 3494 151 3544 teli
175 3494 260 3557 operis
282 3493 425 3544 conditione
446 3495 531 3542 minus
553 3493 666 3542 offendit.
702 3492 748 3541 cfr.
767 3491 802 3540 M.
822 3489 929 3553 Hauprs
945 3491 1088 3540 Recensiou
1109 3507 1160 3541 von

58 3580 187 3644 Kopitar’s
201 3579 327 3642 Glagolita
341 3579 486 3640 Gloriosus,
503 3593 549 3628 aus
568 3578 626 3625 dcrn
644 3577 761 3627 LXXVI.
774 3578 863 3628 Bande
883 3576 1097 3629 dardahrbiichor
1114 3581 1159 3629 dar

58 3666 185 3716 Litcratur
202 3666 339 3715 besonders
357 3664 520 3726 abgedruoka
556 3661 632 3709 Wiou
652 3659 728 3709 1836,
758 3655 795 3712 8⁰.
825 3676 883 3726 pag.
898 3661 922 3712 9.

129 3747 197 3811 354)
216 3749 261 3799 cir.
280 3749 431 3798 Strabonem
449 3761 507 3809 pag.
520 3744 586 3794 43οε
618 3741 723 3793 Λοιπὸν
742 3737 767 3792 δ’
781 3747 837 3797 dart
856 3746 886 3798 τὸ
906 3749 1030 3817 ἑσπέριον,
1050 3744 1066 3797 ὃ
1085 3767 1158 3813 περι-

60 3835 186 3886 adelovino
204 3832 322 3886 Αἰτωλοὶ
339 3832 383 3880 καὶ
397 3825 553 3898 Ἀκαρνᾶνες
572 3827 617 3877 καὶ
636 3823 789 3894 Ἅμφίλοχσι
807 3865 854 3882 ....
872 3835 917 3884 καὶ
935 3831 952 3896 ἡ
971 3832 1033 3882 τῶν
1052 3831 1079 3880 A
1085 3831 1158 3880 ml.

60 3937 117 3970 aar
135 3920 214 3970 ποτὲ
232 3916 387 3984 irruptae
404 3915 440 3980 γῆ
459 3914 551 3964 rami.
587 3913 633 3964 cir.
652 3914 729 3964 etism
745 3912 840 3978 Haupt,
858 3919 874 3966 1.
888 3931 909 3964 c.

129 4002 197 4065 355)
216 4002 262 4053 cfr.
281 4015 395 4065 eaquae
413 4014 490 4064 supra
507 4013 565 4063 pag.
578 3997 621 4062 89,
640 4006 692 4050 not.
706 3994 766 4046 224.
785 3999 817 4047 de
835 4001 938 4049 nornine
956 3995 1092 4049 attulirr'urs.

129 4088 197 4150 356)
217 4085 267 4140 cfr.v
280 4088 394 4138 Niebuhr
412 4087 657 4149 „Untersnchungcn
674 4084 737 4133 iiber
755 4083 795 4132 die
809 4083 960 4132 Geschiohte
979 4085 1024 4133 dor
1035 4083 1157 4148 Skythen,

60 4174 141 4226 Geren
162 4176 214 4224 und
231 4172 389 4235 Sarmateu“‚
412 4175 450 4222 iu:
473 4173 566 4223 Kleine
583 4169 734 4220 historisohc
752 4169 804 4218 und
821 4167 1005 4231 philologische
1022 4169 1157 4232 Schriften,

59 4260 130 4312 Ereta
149 4260 305 4322 Sammlung,
323 4261 399 4310 Bonn
418 4257 495 4310 1828.
514 4253 551 4308 8⁰.
569 4271 627 4321 pag.
641 4254 701 4307 354.
