2780 5092
552 516 615 584 147

124 694 161 759 In
182 694 262 758 haec
289 696 408 779 optime
436 689 596 775 quadrant
625 689 765 775 quaein
793 689 929 774 epistola
949 686 1067 756 XXJJ.
1091 693 1133 760 ad

48 797 243 863 Eustochium
254 798 309 880 ³⁴¹)
331 795 367 864 S.
382 795 600 881 Hieronymus
623 794 663 858 de
685 815 724 860 se·
741 793 814 877 ipso
835 793 961 858 scribit:

126 898 253 983 ,Quum
275 909 347 966 ante
369 922 469 965 annos
490 898 644 984 plurimos
667 896 774 979 domo,
796 895 993 980 parentibus,
1012 919 1131 985 sorore,

49 1005 199 1092 ,cognatis
222 1013 264 1087 et,
284 1003 374 1088 quod
394 1003 445 1068 bis
466 1001 628 1068 difficilius
651 1008 710 1084 est,
739 998 968 1066 consuetudine
988 999 1132 1078 lautioris

48 1108 135 1191 ,cibi,
155 1117 288 1194 propter
309 1108 468 1172 caelorum
491 1128 544 1170 me
564 1127 665 1192 regna
687 1110 894 1186 castrassem,
920 1101 1133 1192 etIerosoly·

46 1235 141 1294 ,mam
161 1211 356 1275 militaturus
376 1231 552 1294 pergerem,
573 1206 776 1273 Bibliotheca
798 1227 892 1289 quam
912 1206 991 1272 mibi
1008 1206 1132 1277 Romae

43 1335 181 1397 ,summo
210 1311 317 1376 studio
346 1333 384 1375 ac
410 1312 519 1377 labore
544 1311 742 1376 confeceram
776 1331 884 1374 carere
913 1311 1040 1376 omnino
1067 1336 1132 1380 non

42 1423 212 1502 ,poteram
262 1412 377 1497 ltaque
403 1415 499 1478 miser
526 1435 586 1500 ego
610 1415 749 1480 lecturus
771 1412 913 1478 Tullium
940 1415 1130 1482 ieiunabam.

44 1521 137 1602 ,Post
157 1517 301 1582 noctium
322 1516 451 1582 crebras
477 1516 617 1604 vigilias,
645 1525 719 1604 post
746 1517 922 1603 lacrymas,
951 1541 1032 1605 quas
1053 1520 1132 1586 mihi

44 1617 298 1709 ,praeteritorum
332 1619 511 1686 recordatio
544 1629 751 1705 peccatorum
786 1645 826 1686 ex
852 1623 925 1688 imis
955 1620 1132 1690 visceribus

43 1725 197 1808 ,emebat
216 1722 351 1786 Plautus
372 1722 557 1788 sumebatur
577 1724 611 1787 in
632 1745 755 1788 manus.
801 1724 839 1792 Si
860 1725 988 1811 quando
1010 1727 1044 1790 in
1065 1749 1131 1793 me-

41 1837 124 1910 „met
149 1827 253 1912 ipsum
278 1847 423 1890 reversus
452 1824 633 1908 Prophetas
660 1826 767 1908 legere
799 1829 992 1911 coepissem,
1026 1853 1131 1896 sermo

40 1929 206 2012 „horrebat
231 1928 383 2009 incultus3
414 1937 447 1993 et
475 1926 551 2011 quia
577 1925 685 1988 lumen
708 1925 812 1989 caecis
835 1927 936 1990 oculis
957 1932 1132 1998 nonvide-

41 2034 140 2115 ,bam‚
161 2054 224 2096 nou
246 2033 409 2098 oculorum
431 2028 585 2116 putabam
609 2027 740 2113 culpam·
751 2047 831 2109 esse,
855 2026 911 2092 sed
927 2025 1011 2094 solis.
1045 2029 1133 2096 Dum

42 2136 101 2217 ,ita
121 2157 171 2200 me
194 2135 343 2218 antiquus
364 2134 466 2201 hostis
487 2131 651 2216 illuderet,
680 2130 714 2196 in
735 2129 841 2198 media
862 2132 961 2200 ferme
984 2131 1133 2215 Quadra-

42 2239 175 2325 ,gesima
202 2235 349 2304 medullis
376 2238 482 2304 infirsa
509 2236 608 2303 febris
643 2257 759 2322 corpus
786 2235 904 2304 invasit
931 2236 1133 2323 exhaustum,

42 2351 86 2423 ,et
106 2343 173 2408 sine
194 2341 261 2406 ulla
282 2341 391 2426 requie
415 2339 516 2424 (quod
537 2339 628 2404 dictu
650 2359 777 2420 quoque
797 2339 984 2406 incredibile
1007 2342 1060 2426 eit)
1086 2344 1132 2409 sic

41 2444 190 2524 „infelicia
211 2444 356 2509 membra
377 2442 513 2526 depasta
527 2447 586 2520 est,
608 2444 645 2502 ut
658 2435 784 2510 ossibus
799 2438 854 2500 vix
868 2437 1042 2504 haererem.
1077 2444 1134 2506 In-

40 2548 144 2628 ,terim
167 2553 324 2632 parantur
346 2544 515 2626 exequiae,
544 2547 577 2604 et
604 2536 711 2602 vitalis
734 2535 831 2600 animi
854 2537 956 2620 calor,
987 2547 1056 2604 toto
1078 2541 1134 2606 fri-

39 2659 201 2736 ,gesoente
230 2649 296 2712 iam
324 2667 473 2732 corpore,
502 2643 536 2707 in
559 2642 628 2708 solo
649 2646 774 2704 tantum
796 2648 925 2727 tepente
946 2639 1133 2728 pectusculo

38 2752 246 2839 „palpitabat
278 2773 375 2834 quum
404 2747 510 2814 subito
533 2743 701 2832 raptusin
722 2743 836 2830 spiritu
859 2743 902 2809 ad
923 2743 1094 2812 tribunal
1085 2771 1133 2814 ιιι-

37 2855 132 2936 ,dicis
155 2854 340 2942 pertrahor3
370 2851 465 2918 ubit
451 2859 576 2916 tantum
597 2847 726 2915 luminis
749 2855 781 2912 et
802 2855 894 2913 tanta
916 2858 1016 2916 erat.
1025 2851 1133 2916 .ful-

36 2961 151 3044 ,goris,
173 2965 211 3022 ut
232 2955 421 3044 proiectus
412 2980 444 3020 m
464 2963 582 3022 terram
605 2973 715 3018 sursus
735 2951 878 3036 aspicere
892 2974 956 3015 non
972 2899 1130 3017 auderem.

3 3059 275 3144 ,Interrogatus
297 3060 337 3124 de
360 3057 551 3140 conditione,
575 3053 792 3122 Christianum
814 3074 865 3116 me
887 3075 956 3118 esse
972 3054 1132 3140 respondi.

2 3152 6 3229 Ι
33 3162 94 3242 ,hlt
118 3161 175 3226 ille
199 3160 254 3242 qui
274 3158 491 3246 praesidebat:
524 3157 734 3243 „„Mentiris,
761 3155 822 3238 ait,
846 3152 1076 3224 Ciceronianus
1098 3182 1133 3225 es

3 3261 5 3376 l
32 3286 114 3342 ,non
128 3259 350 3326 Christianus:
343 3262 423 3327 ·ubi
438 3263 520 3328 enim
535 3261 704 3328 thesaurus
715 3267 801 3342 tuus,
819 3257 864 3323 rbi
876 3267 909 3324 et
920 3281 976 3326 cor
986 3265 1131 3326 tuum““

3 3366 144 3444 ,Illico
169 3360 330 3481 obmutui,
359 3365 459 3431 eit
412 3376 459 3432 rnt
461 3390 495 3432 er
515 3364 648 3432 verbera
672 3365 766 3449 (nam
789 3360 880 3427 caedi
903 3384 953 3426 me
975 3363 1130 3447 iusserat)

33 3467 217 3546 ,eonscient
218 3467 267 3532 iae
288 3469 389 3556 magis
404 3469 477 3558 igne
493 3469 677 3554 torquebar,
697 3467 787 3532 illum
802 3485 927 3530 meeum
941 3464 1132 3531 versiculum

33 3579 220 3656 ,reputans:
244 3570 325 3654 „„In
339 3573 463 3638 inferno
478 3580 584 3637 autem
601 3571 672 3654 quis
688 3568 889 3635 confitebitur
904 3567 1025 3634 tibi?““
1057 3565 1133 3635 Ola-

33 3695 138 3750 ,mare
167 3683 276 3740 tamen
305 3678 397 3762 coepi
428 3682 460 3738 et
492 3673 613 3738 eiulans
649 3671 771 3735 dicere:
820 3671 1023 3756 „Miserere
1058 3675 1132 3756 mei,

34 3773 202 3862 ,Domine,
214 3777 364 3842 miserere
386 3777 503 3840 mei““.
542 3773 654 3856 „Haeo
675 3795 739 3836 vox
760 3774 843 3839 inter
857 3775 983 3863 flagella
1004 3765 1133 3839 resonass

33 3875 114 3956 ,bat
145 3878 293 3945 Tandem
309 3875 350 3942 ad
365 3875 577 3964 praesidentis
599 3897 703 3966 genua
724 3877 886 3960 provoluti
908 3877 962 3959 qui
985 3875 1133 3940 astabant

33 3983 285 4067 „precabantur,
314 3989 351 4047 ut
379 3981 505 4046 veniam
532 3981 687 4048 tribueret
716 3975 949 4042 adolescentiae
979 3985 1012 4041 et
1034 3977 1133 4042 errori

32 4079 159 4158 »locum
181 4087 396 4172 poenitentiae
419 4085 654 4168 commodaret,
682 4088 852 4148 exacturus
874 4077 989 4144 deinde
1012 4079 1134 4146 crucia-

30 4227 233 4248 ffi—-n-——n

97 4315 171 4382 341)
190 4321 236 4372 ιιι.
249 4317 397 4381 Hieronymi
407 4315 493 4382 Opera
505 4317 544 4370 od.
554 4313 702 4376 vallarsius,
712 4320 773 4366 tom.
782 4313 804 4377 1,
821 4327 880 4379 pag.
890 4309 954 4463 518.
967 4319 993 4366 et
1005 4311 1063 4365 tlt.

795 4429 797 4441 .
870 4396 885 4462 1
920 4397 935 4426 *
