2780 5092
485 606 487 612 Ι
567 505 628 572 197

57 687 124 744 anta
145 699 262 743 annum
285 675 360 746 396.
383 675 465 743 liber
478 676 588 743 Ethici
611 686 644 744 et
666 683 762 744 notus
784 686 864 761 erat,
888 688 921 744 et
937 681 1073 746 lectores
1088 679 1149 746 sibi

57 788 299 868 comparaverat.
345 779 476 865 Itaque,
505 781 538 844 ni
560 781 668 864 fallor,
691 781 905 869 colligendum
927 785 1004 866 erit,
1032 782 1149 849 Ethi-

56 908 134 950 oum
162 907 238 950 non
265 890 358 970 post
384 883 547 949 initium
577 885 712 969 quarti
740 887 895 952 saeculi
923 886 1052 952 fuisse
1081 909 1150 952 na-

55 996 145 1068 tum3
169 995 238 1054 tum
260 1009 337 1052 vero
360 1009 433 1052 curn
456 986 506 1052 his
523 987 605 1052 bene
621 988 834 1074 consentiunt,
857 1011 938 1074 quae
952 997 1062 1055 nostro
1078 989 1150 1055 loco

57 1090 143 1155 dicit:
167 1089 327 1156 Histriam
350 1090 579 1156 cruentissimis
601 1090 663 1156 illis
686 1113 841 1156 annorum
857 1092 1043 1162 260—280
1059 1093 1152 1160 bellis

56 1193 266 1277 devastatam,
296 1216 397 1278 usque
427 1193 469 1258 ad
496 1193 581 1259 diem
609 1195 788 1261 nativitatis
815 1217 892 1260 suae
919 1195 1074 1262 incultam
1102 1219 1151 1262 re-

56 1296 211 1361 mansisse.
257 1294 368 1380 Quare
394 1295 481 1362 haud
509 1297 645 1363 multum
676 1297 824 1365 aberrare
847 1298 1006 1366 credimus
1028 1323 1048 1365 a
1069 1300 1152 1364 veri-

55 1407 128 1482 tate,
150 1399 177 1464 si
199 1401 286 1467 circa
307 1423 424 1466 annum
439 1401 534 1468 huius
549 1425 642 1468 acrae
656 1403 915 1469 trecentesimum
929 1411 1040 1470 natum
1054 1403 1153 1470 fuisse

55 1503 202 1567 Ethicum
224 1503 456 1570 contendimus,
584 1507 588 1515 “

138 1604 204 1673 Sed
226 1605 267 1672 de
281 1606 400 1672 Ethico
423 1615 456 1672 et
479 1607 546 1672 vita
568 1608 636 1672 eius
658 1607 721 1674 alio
743 1615 889 1694 tempore
909 1607 1151 1696 disputabimus

55 1707 166 1774 Restat
193 1711 277 1775 enim
305 1717 343 1774 ut
371 1720 526 1796 quantum
548 1710 619 1776 fieri
640 1718 749 1797 potest
771 1734 984 1798 exponamus,
1014 1711 1091 1797 quid
1114 1711 1155 1776 de

56 1819 181 1876 auctore
209 1812 281 1898 ipso
309 1820 343 1878 et
371 1811 411 1879 de
439 1813 531 1879 libris
558 1816 626 1881 eius
654 1816 748 1880 nobis
777 1813 982 1880 statuendum
1005 1815 1057 1880 sit.
1102 1815 1154 1879 De

55 1914 103 1980 his
131 1923 236 1982 autem
264 1926 360 2002 atque
389 1917 460 1981 aliis
487 1917 596 1983 multis
626 1940 708 2003 quae
730 1916 794 1982 huc
817 1919 978 2002 pertinent
999 1918 1154 1983 iudicium

55 2029 174 2084 certum
202 2020 296 2086 edere
324 2029 392 2085 tum
422 2019 550 2085 demum
572 2020 767 2104 valebimus,
796 2044 893 2105 quum
921 2021 1010 2087 libris
1033 2022 1155 2106 aliquot

53 2122 234 2188 melioribus
261 2125 414 2210 inspectis
444 2124 602 2191 saniorem
626 2123 902 2214 Cosmographiae
932 2133 1057 2192 textum
1079 2148 1155 2190 con-

53 2227 255 2295 stituarimus.

273 2687 508 2757 ADDENDA
530 2689 591 2756 ΕΤ
615 2690 936 2762 OORRIGENDA.

50 2849 113 2911 Pag.
127 2845 169 2908 32,
188 2845 264 2897 val.
281 2861 329 2910 pro
346 2861 414 2910 pag.
433 2845 646 2910 adlegandum:
665 2865 732 2914 pag.
752 2849 799 2900 24.

69 2969 81 2991 ,,
127 2931 170 2993 64,
190 2968 202 2992 ‚‚
221 2930 264 2982 29.
283 2934 391 2984 delenda
408 2940 447 2984 est
463 2949 514 2983 vox
532 2937 683 2996 equidem.

69 3055 81 3075 „
128 3017 170 3079 65,
191 3055 203 3077 ,,
222 3017 264 3068 22.
284 3021 445 3069 addenduma
459 3019 766 3072 Csr.Itiner.Anton.
784 3021 828 3068 ed.
842 3020 980 3083 Parthey
999 3021 1158 3072 etPinder

322 3120 390 3167 pag.
401 3104 530 3154 XXVII.
545 3121 587 3168 sq.

69 3227 81 3247 „
128 3189 171 3250 75,
192 3225 204 3247 ‚,
241 3187 265 3236 5.
285 3203 332 3250 pro
350 3188 508 3238 Flodardo
526 3191 674 3254 legendum:
693 3190 880 3240 Flo'doardo.

69 3311 81 3333 „
112 3274 172 3336 156,
192 3310 204 3333 ‚‚
241 3272 266 3322 5.
285 3273 442 3322 addendum:
468 3273 522 3324 cfr.
536 3275 641 3326 Eusebii
659 3275 779 3326 Chronic.
798 3277 844 3325 sub
863 3291 930 3325 anno
948 3274 1000 3326 266
1018 3272 1074 3337 (ed.
1091 3278 1159 3327 Ron-

325 3359 488 3423 callius1,p.
501 3358 587 3422 479.):
608 3363 731 3426 „Quadi
751 3369 781 3413 et
799 3361 961 3413 Sarmatae
978 3363 1158 3415 Pannonias

325 3445 551 3507 occuparunt“.
865 3439 867 3444 ’

465 4321 534 4376 'lypis
547 4321 576 4362 A.
590 4320 628 4361 W.
643 4319 756 4361 Selinda.
