2784 5106
758 565 791 604 vl

224 713 372 788 riendos
398 737 479 788 esse
505 713 662 810 credidi„
675 725 717 788 ut
740 725 827 816 post
851 725 908 788 tot
932 715 1077 789 saecula
1098 725 1238 789 eertum
1263 715 1334 788 ali-

226 835 313 932 quid
339 835 384 907 de
409 833 539 911 Ethico
556 835 713 937 proferri
738 837 885 909 tandem
909 845 1046 936 posset.
1212 929 1214 934 ,

323 953 423 1044 Quae
448 980 508 1032 res
534 957 564 1031 si
587 957 684 1030 forte
710 955 831 1053 aliqua
855 980 904 1030 ex
928 966 1032 1057 parte
1054 953 1143 1040 mihi
1163 954 1335 1053 contigit,

224 1086 346 1150 tamen
372 1101 504 1151 vereor
528 1101 574 1150 ne
599 1076 636 1149 in
663 1076 800 1152 crimen
824 1075 983 1150 levitatis
1008 1076 1177 1151 incidisse
1201 1077 1334 1150 multis

223 1197 364 1287 videar,
407 1197 492 1294 quia
527 1196 753 1295 gravissimis
792 1197 1065 1296 quaestionibus
1097 1198 1142 1269 de
1174 1206 1334 1271 auetore

222 1316 535 1425 Cosmographiae
565 1316 646 1416 ipso
672 1318 836 1393 nondum
862 1318 1006 1410 solute,
1037 1327 1179 1417 partem
1204 1316 1334 1413 operis

223 1441 323 1514 foras
357 1439 592 1513 emittendam
623 1464 703 1512 esse
734 1439 871 1537 putavi.
931 1439 1014 1512 Hoc
1047 1448 1170 1511 autem
1203 1462 1247 1509 ea
1277 1460 1334 1507 ex

225 1584 335 1632 eausa
363 1560 501 1632 sautum
532 1568 602 1648 est,
634 1557 733 1656 quod
765 1558 910 1633 codices
935 1557 1173 1654 manuscripti
1198 1581 1332 1630 omnes

224 1678 288 1776 qui
302 1677 434 1750 librum
446 1676 566 1752 Ethiei
583 1677 761 1751 exhibent
776 1677 978 1753 scribarum
993 1677 1216 1777 negligentia
1231 1686 1333 1750 tant-

224 1824 334 1896 opere
360 1798 555 1872 deformati
580 1808 679 1891 sunt,
709 1808 752 1872 ut
775 1799 947 1897 permulti
970 1800 1044 1876 loci
1067 1799 1174 1873 nobis
1200 1823 1333 1872 occur-

223 1929 306 1992 rant
323 1919 454 2019 quibus
478 1945 606 1996 sensus
623 1920 691 1996 vix
712 1920 832 1996 inesse
848 1920 1026 1996 videatur.
1064 1920 1184 2011 Quare
1202 1944 1333 2017 quam-

186 2049 188 2058 '
222 2042 279 2116 vis
306 2043 429 2117 omnia
451 2043 562 2117 hodie
588 2042 730 2114 absolvi
755 2043 856 2112 nullo
878 2043 991 2112 modo
1014 2040 1168 2136 possint,
1193 2063 1331 2136 operae

222 2174 346 2234 tamen
375 2161 534 2256 pretium
564 2158 633 2230 en‘t
662 2183 730 2254 pro
764 2157 859 2230 virili
889 2166 994 2255 parte
1020 2159 1067 2231 ad
1092 2160 1331 2257 quaestiones

223 2279 453 2354 difficillimas
484 2276 753 2350 diiudicandum
784 2303 902 2377 pauca
931 2278 1112 2377 attulisse:
1158 2281 1188 2352 si
1218 2280 1331 2370 forte,

223 2400 323 2474 aditu
349 2399 396 2471 ad
419 2396 531 2472 libros
557 2397 825 2498 manuscriptos
841 2397 1036 2498 patefacto,
1061 2400 1254 2475 doctorum
1272 2401 1331 2472 vi-

223 2547 350 2595 rorum
380 2520 559 2598 industria
588 2519 749 2595 melioris
779 2529 889 2596 notae
927 2521 1072 2597 oodiees
1105 2518 1330 2616 investigare

223 2643 350 2741 possit

320 2759 363 2832 In
389 2760 453 2833 tali
478 2768 601 2832 autem
625 2782 748 2832 rerum
775 2758 983 2832 conditione
1009 2760 1040 2832 si
1065 2785 1087 2832 a
1111 2783 1201 2832 vero
1225 2758 1332 2855 paul-

223 2882 301 2954 lum
318 2878 506 2954 aberrasse
522 2878 691 2976 cuiquam
706 2878 846 2969 videor,
869 2902 913 2952 eo
933 2878 1049 2976 magis
1066 2879 1222 2954 sortasse
1241 2905 1331 2953 oon-

224 3000 435 3077 donandum
465 3001 551 3092 erit,
582 3026 655 3099 quo
680 2999 800 3074 minus
825 3020 1087 3097 saepenumero
1113 3001 1150 3074 in
1175 2999 1331 3074 Gosmo-
1359 3049 1366 3056 -

225 3123 377 3223 graphia
405 3123 523 3198 Ethiei
551 3147 626 3195 non
661 3121 780 3194 solum
815 3121 1014 3195 verborum
1044 3147 1170 3196 sensus
1197 3146 1330 3195 verum

227 3246 336 3320 etiam
362 3269 482 3318 nexus
508 3242 770 3317 sententiarum
796 3241 960 3340 expediti
984 3253 1078 3316 sunt.

324 3363 533 3439 scribebam
559 3363 720 3436 Berolini
745 3362 919 3438 Kalendis
944 3362 1053 3440 Iuliis.
