2780 5092
773 503 836 572 172

342 678 386 742 lI.
431 679 504 742 Hae
532 695 583 740 res
611 683 684 741 utut
706 699 740 742 se
762 675 881 741 habent
905 683 1028 740 certum
1049 684 1115 758 est,
1144 674 1273 761 vulgata
1293 697 1349 760 per

254 782 444 848 Sclavorum
467 787 578 865 gentes
601 778 748 864 opinione
763 771 996 866 Hieronymum
1018 777 1129 843 haberi
1148 799 1207 863 pro
1223 785 1348 842 auctore

252 883 522 970 Glagoliticorum
545 882 680 967 apicum.
724 882 878 948 Eiusdem
907 891 1013 948 autem
1040 881 1146 946 famae*
1174 881 1236 945 alia
1258 880 1350 945 vesti-

252 976 307 1072 gia
329 985 429 1050 multa
450 979 652 1048 inveniuntur
673 993 706 1048 et
729 985 913 1050 certissima.
1014 1058 1018 1068 .

340 1087 544 1153 Ludovioum
572 1087 599 1150 Ι.
631 1089 714 1152 enim
743 1088 929 1175 Hungariae
964 1107 1072 1175 regem
1102 1105 1188 1151 anuo
1217 1107 1247 1170 p.
1276 1081 1350 1146 chr.

255 1191 350 1260 1366.
374 1190 523 1276 Bulgaris
542 1191 600 1273 ‘qui
624 1191 664 1255 ab
687 1192 823 1257 ecclesia
845 1189 991 1255 Romana
1021 1189 1224 1277 defecerant,
1252 1207 1353 1250 sacer·

254 1293 345 1360 dotes
375 1291 568 1376 „secundum
597 1293 836 1359 translationem
860 1292 894 1361 S.
916 1293 1126 1379 Hieronymi“
1153 1289 1282 1356 dedisse
1303 1309 1378 1351 ac-⁴

254 1396 477 1482 cepimus⁴⁵⁹):
501 1403 537 1460 tu
561 1405 666 1461 autem
688 1397 829 1483 intellige
851 1394 1035 1460 sacerdotes
1056 1392 1283 1480 Glagoliticos.

286 1537 289 1544 -
340 1496 466 1564 Deinde
496 1519 571 1562 vero
602 1498 746 1565 homines
775 1499 934 1578 extitisse,
970 1498 1025 1580 qui
1059 1497 1143 1562 sacri
1173 1495 1297 1560 codicis
1323 1494 1354 1556 in

251 1603 392 1686 linguam
416 1599 639 1666 Sclavonicam
661 1603 836 1666 versionem
858 1599 892 1666 S.
909 1599 1108 1684 Hieronymo
1131 1597 1356 1662 adiudicarent

254 1709 308 1785 (eo
330 1702 531 1788 potissimum
554 1711 741 1789 argumento
769 1702 923 1788 permoti,
952 1699 1040 1784 quod
1060 1701 1130 1786 ipse
1152 1700 1187 1764 in
1210 1698 1355 1785 epistolis

250 1804 407 1869 nonnullis
430 1805 609 1890 complures
631 1804 819 1891 Scripturas
844 1825 956 1870 sacrae
982 1801 1082 1867 libros
1106 1802 1257 1891 „linguae
1281 1823 1353 1867 suae

250 1907 451 1972 hominibus“
483 1929 517 1972 se
545 1907 716 1974 tradidisse
743 1907 873 1988 scribit)
903 1906 1028 1972 silentio
1057 1905 1353 1990 praetermittimus,

252 2032 350 2094 quum
380 2011 457 2075 satis
486 2018 611 2076 constet
638 2011 870 2097 Hieronymum
898 2005 943 2074 ibi
972 2007 1012 2073 ds
1041 2007 1187 2092 Latinis,
1222 2033 1288 2075 non
1318 2007 1354 2072 de

253 2111 392 2194 Sclavis,
414 2114 502 2196 loqui
513 2114 579 2194 ⁴⁶⁰).

337 2243 399 2308 ΠΙ.
446 2242 513 2310 Sed
534 2241 620 2306 haud
642 2243 688 2308 ita
709 2244 743 2308 in
766 2253 876 2330 aperto
900 2252 959 2327 est,
982 2265 1064 2328 quae
1086 2244 1181 2310 nobis
1205 2243 1247 2308 de
1265 2244 1354 2308 Psal-

250 2347 330 2410 terio
353 2341 549 2432 Glagolitico
573 2344 708 2409 dicenda
730 2347 809 2430 sint,
840 2347 926 2431 quod
948 2369 1030 2412 anno
1056 2347 1151 2415 1222.
1199 2347 1354 2412 Nicolaus

251 2448 384 2513 clericus
406 2447 562 2514 Arbensis
591 2449 752 2531 exaravit,
781 2459 813 2514 et
842 2447 930 2534 quod
957 2449 1063 2515 medio
1086 2451 1218 2515 saeculo
1242 2448 1352 2515 XVII.

251 2551 452 2638 deperditum
481 2574 550 2618 esse
584 2567 782 2638 summopere
811 2551 965 2618 dolemus.
1021 2551 1115 2618 Haec
1143 2561 1256 2620 autem
1285 2559 1354 2618 sunt

168 2723 169 2728 .
251 2677 332 2739 quae
355 2655 396 2720 de
409 2653 567 2720 Psalterio
589 2654 643 2718 illo
664 2655 749 2740 apud
765 2655 961 2742 Raphablem
977 2655 1186 2722 Levaccvich
1202 2657 1354 2735 invenies,

251 2758 341 2821 ouius
365 2757 462 2821 verba
484 2758 610 2845 integra
632 2758 801 2844 exscripsit
819 2759 1118 2842 Assemannus⁴⁶¹):
1143 2759 1286 2842 „librum
1309 2757 1356 2820 di-

250 2859 296 2924 cit
324 2859 561 2926 characteribus
591 2857 796 2948 Glagolitiois
827 2863 860 2924 in
895 2859 1006 2924 charta
1033 2862 1222 2925 membrana
1252 2869 1354 2925 trans-

250 2964 419 3049 scriptum,
449 2955 560 3048 atque,
588 2973 625 3029 ut
653 2963 772 3028 ibidem
798 2961 903 3027 dictus
926 2962 1058 3027 clericus
1079 2961 1240 3040 Niooleus
1264 2986 1357 3048 prae·

249 3067 334 3130 fatus
363 3067 421 3148 sit,
450 3089 490 3130 ex
518 3067 581 3132 alio
610 3065 754 3132 similiter
774 3065 938 3148 Psalterii,
965 3065 1160 3154 impensis
1184 3074 1225 3130 et
1248 3088 1355 3129 man-

251 3157 568 3234 datc'l'beodori
591 3170 727 3234 ultimi
744 3167 975 3235 Salonitani
996 3167 1241 3251 Pontificis,
1266 3167 1355 3236 Scla-

250 3271 364 3336 vonica
396 3271 507 3359 lingua
541 3273 756 3356 manuscripto
791 3269 902 3334 codice
941 3259 1077 3337 fideliter
1111 3271 1352 3358 descriptum“.

250 3373 355 3440 Addit
377 3373 525 3440 subinde:
551 3374 654 3458 „Quis
668 3374 765 3438 fuerit
786 3372 908 3438 laudati
922 3373 1071 3439 Psalterii
1093 3383 1222 3461 auctor,
1247 3377 1354 3462 quisve

232 3477 328 3545 illud
355 3477 388 3540 in
417 3477 557 3564 linguam
581 3475 805 3542 Sclavonicam
828 3478 1041 3560 transtulerit,
1154 3479 1221 3544 hoc
1244 3479 1353 3555 fateor,

250 3600 299 3642 me
323 3579 402 3641 certi
425 3578 545 3663 aliquid
566 3601 629 3642 non
652 3601 747 3666 posse
773 3601 922 3646 asserere.
969 3581 1017 3661 At
1038 3580 1137 3645 verbo
1159 3582 1280 3648 lubens
1302 3577 1353 3642 ad-

157 3769 166 3777 ·
250 3680 405 3762 miserim,
434 3681 530 3746 fuisse
559 3681 792 3770 Hieronymum
821 3690 982 3764 nostrum,
1012 3690 1081 3746 tum
1109 3693 1250 3770 propter
1274 3704 1352 3748 com·

321 3857 389 3920 459)
407 3859 454 3910 cfr.
473 3863 523 3935 Ios.
546 3862 706 3927 Dobrowsky
728 3863 825 3926 „cyrill
849 3865 901 3912 und
923 3863 1029 3914 Metbod
1052 3865 1097 3912 der
1119 3864 1218 3916 Steven
1243 3857 1351 3930 Apostcl·

250 3947 298 3996 Em
316 3947 763 4000 historisch·kritisohe1·Versuch“.
799 3946 961 4011 Prag1823.
991 3944 1028 3997 8⁰.
1059 3961 1117 4010 pag.
1130 3947 1175 3997 53.

321 4031 389 4094 460)
408 4034 453 4083 cfr.
473 4034 541 4084 Kchl
565 4035 736 4093 „Introductic
759 4034 786 4082 in
807 4035 938 4083 historiam
966 4041 992 4082 et
1017 4047 1071 4081 rem
1093 4033 1248 4086 litterar-iam
1271 4034 1350 4084 Slavo·

251 4115 322 4164 rum“
343 4125 389 4168 etc.
420 4118 569 4170 Altonaviae
590 4119 664 4170 1729.
689 4115 731 4168 8⁰.
759 4119 804 4169 cfr.
822 4133 880 4182 pag.
894 4117 935 4168 67.
950 4131 1004 4180 sqq.
1023 4133 1081 4181 pag.
1095 4118 1137 4192 rt.
1155 4135 1219 4184 pag.
1234 4121 1277 4170 91.
1304 4116 1352 4168 eui

251 4201 389 4251 adsentitur
406 4205 558 4265 Dobrovius‚
579 4205 730 4267 Gla-golitica
746 4220 804 4268 pag.
819 4203 858 4254 18.
1116 4229 1120 4236 ·

321 4283 391 4345 461)
410 4290 426 4337 l.
441 4306 462 4338 c.
482 4297 542 4338 torn.
555 4289 600 4340 lv.
619 4303 676 4352 pag.
690 4287 750 4339 443.
763 4304 800 4350 sq.
