2780 5092
730 475 793 544 142

212 653 277 716 iam
298 651 440 738 legentes
462 650 501 716 in¹
519 649 645 732 ,lacum
666 649 797 716 ruinae“
821 647 985 733 deiecisse,
1007 651 1051 717 id·
1064 649 1151 737 quod
1166 649 1226 718 sibi
1240 673 1302 738 per-

211 753 379 820 molestum
402 773 471 820 esse
492 753 651 820 adfirmat.

299 855 370 920 Iam
398 877 476 922 vero
503 858 574 942 quis
600 856 772 924 contendet
792 857 871 922 talia
893 855 928 925 S.
950 854 1168 944 Hieronymo,
1196 879 1304 946 magno

210 959 266 1024 illo
287 959 454 1024 Ecclesiae
476 957 619 1044 doctore,
641 957 774 1048 indigna
795 957 915 1024 videri:
944 958 1068 1024 scilicet
1089 966 1127 1024 ut
1148 957 1304 1026 hominum

211 1061 372 1127 erroribus
400 1062 518 1129 auxilio
547 1063 686 1146 venerit,
717 1062 914 1148 praesertim·
933 1061 1010 1146 quie
1039 1083 1074 1128 se
1101 1063 1207 1150 ipsum
1235 1063 1306 1128 sori·

212 1165 322 1248 bit⁸²⁴l
338 1165 471 1232 eandem
493 1165 536 1231 ob
558 1187 688 1232 causam
711 1164 882 1250 aliquando
903 1187 1004 1252 prope
1019 1165 1180 1251 perditum
1193 1165 1307 1232 fuisse?

211 1267 310 1350 Quod
338 1271 366 1335 si
394 1268 595 1353 conceditur,
624 1269 702 1335 nibil
730 1271 875 1357 profecto
897 1269 1027 1336 obvium
1050 1277 1113 1352 est,
1144 1269 1308 1355 quominus

209 1373 362 1438 librorum
390 1373 678 1460 manuscliptorum
706 1373 930 1440 auctoritatem
957 1373 1147 1458 consequuti
1177 1369 1309 1440 Cosmo·

211 1476 365 1563 graphiae
386 1477 610 1544 translatorem
633 1476 777 1542 extitisse
799 1476 1030 1542 contendamus
1045 1475 1290 1563 Hieronymum.

717 1663 747 1746 s.
770 1662 801 1731 2.

253 1807 373 1860 nurncl
392 1805 699 1860 GOSMOGRAPHIAM
716 1806 742 1856 A
760 1805 787 1857 S.
805 1804 1012 1858 munoriYMO
1030 1805 1269 1859 monetarum

715 1891 807 1944 ESSE.
837 1925 842 1934 ·

296 2001 474 2094 Hucusque
503 2017 690 2097 argumenta
719 2031 757 2075 ea
786 2011 1006 2095 exposuimus,
1036 2031 1118 2092 quae
1140 2019 1253 2075 contra
1275 2009 1311 2078 S.

207 2115 441 2199 Hieronymum
457 2107 730 2197 cosmographiae
752 2109 864 2175 chici
885 2111 1091 2196 interpretem
1107 2111 1218 2176 aviris
1232 2111 1313 2178 doc-

209 2218 251 2282 tis
279 2216 499 2301 profenmtur3
529 2235 627 2297 quare
654 2233 739 2276 nunc
768 2211 810 2278 ad
839 2234 877 2277 ea
905 2211 1114 2297 accedamus,
1142 2235 1225 2298 qnae
1249 2237 1313 2300 pro

206 2320 261 2384 illo
284 2317 446 2384 dimicant

292 2420 321 2486 I.
359 2420 405 2485 Et
424 2419 563 2506 primum
585 2415 714 2501 quidem
728 2414 1085 2506 Oosmograpbiam
1108 2417 1312 2487 aGlerico

206 2523 449 2591 translatam
471 2532 560 2588 esse
579 2520 688 2587 multis
709 2521 790 2588 locis
813 2521 1048 2608 comprobatur.
1083 2521 1205 2591 Scribit
1226 2525 1313 2591 enim

206 2629 363 2714 interpres
377 2627 431 2690 ille
443 2648 476 2712 p.
485 2626 635 2710 l90post
646 2624 747 2690 med:
767 2647 869 2709 „quae
883 2624 977 2692 nobis
993 2625 1132 2693 scribere
1144 2627 1195 2693 vel
1202 2627 1311 2716 legere

207 2755 271 2798 non
293 2738 343 2796 est
364 2728 502 2813 amplius
521 2749 667 2809 necesse3
697 2749 796 2812 quae
818 2748 890 2792 nos
911 2727 952 2792 in
973 2731 1130 2796 nostris
1150 2731 1312 2800 codici-

206 2834 279 2900 bus
302 2831 674 2912 commentavimus,
696 2829 735 2892 in
752 2827 960 2892 breviario
981 2831 1146 2898 scilicet
1168 2844 1314 2900 contra

207 2934 439 3002 haereticos
464 2933 729 3000 detractores
761 2930 863 3004 male
897 2928 1135 2998 latrantes“.
1188 2933 1315 3002 Confer

206 3065 281 3129 pag.
297 3041 359 3108 491
378 3046 458 3106 extr.
474 3060 561 3123 sqq:
587 3034 845 3119 „Hircanumque
867 3041 900 3099 et
921 3031 1226 3102 Macedonium
1251 3040 1314 3122 qui

206 3145 403 3230 scripserunt
429 3140 580 3206 nonnulla
607 3138 731 3204 inutilia
758 3144 791 3202 et
815 3137 948 3221 nociva,
977 3161 1058 3224 quae
1079 3146 1229 3226 mergunt
1252 3139 1315 3206 ho-

205 3246 323 3312 minem
345 3245 380 3310 in
400 3243 565 3310 interitum
587 3250 620 3308 et
641 3241 862 3327 perditionem.
899 3239 999 3310 Unde
1015 3241 1057 3309 ad
1072 3242 1313 3330 memetipsum

206 3351 324 3417 refero:
348 3349 433 3435 quia,
455 3346 518 3414 nisi
539 3345 698 3412 Dominus
727 3343 904 3410 adiuvisset
930 3368 1000 3432 me,
1028 3345 1230 3433 paulominus
1252 3346 1313 3412 ha-

205 3453 340 3518 bitasset
353 3453 388 3516 in
402 3451 524 3518 inferno
540 3447 645 3513 anima
659 3450 762 3512 mea“.
793 3447 921 3515 Deinde
935 3474 967 3537 p.
980 3451 1057 3533 495,
1069 3475 1100 3516 v.
1115 3451 1171 3518 13:
1189 3471 1313 3536 „quam

205 3554 258 3619 ille
270 3552 478 3637 Tetraginam
500 3551 707 3636 nuncupavit,
731 3560 765 3616 et
785 3553 886 3618 multa
908 3575 1052 3639 quaeque
1073 3551 1240 3619 horribilia
1262 3554 1312 3617 in-

206 3655 332 3742 quiens3
355 3653 440 3719 unde
463 3677 547 3740 quae
567 3655 623 3719 vix
645 3655 872 3744 secerpsimus,
893 3657 1078 3744 recipere
1101 3657 1314 3744 complura

205 3770 356 3826 temere
379 3756 549 3824 dicimus
566 3755 817 3827 Christianis
839 3759 1069 3828 fidelibus“.
1101 3757 1189 3826 Vide
1211 3761 1312 3826 etiam

205 3888 237 3952 p.
251 3865 327 3950 499,
338 3887 368 3930 v.
385 3863 441 3934 192
467 3861 595 3948 „Deum
610 3865 770 3931 viventem
785 3863 899 3931 bifarie
921 3865 1039 3946 colunt.
1070 3861 1164 3932 Haec
1180 3861 1314 3930 demen-

205 4036 406 4048 *ἡ

276 4131 343 4194 324)
367 4137 393 4184 in
415 4135 532 4198 Epistola
553 4135 586 4184 ad
603 4133 776 4183 Eustochium.
812 4128 858 4179 cfr.
878 4127 1027 4192 Hieronymi
1046 4127 1132 4192 Opera
1150 4129 1190 4178 ed.
1209 4128 1313 4179 Vallat-

205 4219 270 4277 sius,
291 4224 352 4265 tom.
363 4219 384 4266 1.
407 4220 541 4290 epistolum
560 4219 648 4280 XXII,
668 4234 726 4283 pag.
742 4213 799 4268 11³.
810 4215 843 4266 A.
853 4228 908 4278 sqq.
931 4221 956 4264 et
976 4214 1059 4265 Ethici
1078 4213 1313 4280 Cosmographiam

204 4317 261 4368 pag.
273 4300 322 4352 501
342 4307 401 4350 ante
419 4301 505 4352 finem.
761 4309 764 4314 '
