2780 5092
598 440 660 506 195

163 613 290 696 Itaque,
313 610 401 696 quod
422 612 488 676 fere
511 612 592 678 solet
613 613 694 695 fieri,
714 612 870 690 Romulus
884 637 944 700 pro
959 613 1113 682 Romanis
1127 626 1182 682 aut

77 741 136 801 pro
163 713 417 802 Imperatoribus
446 713 600 781 Romanis
628 715 692 782 boo
718 717 790 783 loco
819 727 904 782 stare
929 717 1023 784 nobis
1044 718 1179 784 videtur.

77 820 115 888 Si
144 827 251 886 autem
278 817 318 884 de
347 818 439 884 bellis
467 818 537 884 istis
564 819 719 885 Ethicum
746 822 915 905 loquutum
943 843 1012 888 esse
1035 821 1181 905 dicimus,

77 922 193 1007 quibus
215 923 300 988 intra
327 945 427 988 annos
455 922 521 990 260
544 931 576 987 et
597 923 663 992 280
690 923 787 988 Italia
815 931 847 988 et
870 921 1046 990 Germania
1074 934 1181 991 vasta·

77 1026 204 1109 bantur,
225 1026 364 1093 fortasse
385 1024 427 1090 ad
449 1024 535 1090 idem
556 1027 622 1092 fere
643 1034 772 1113 tempus
795 1027 978 1094 reducenda
992 1036 1077 1113 sunt,
1100 1049 1181 1114 quae

77 1149 151 1214 pag.
175 1129 259 1212 534,
292 1154 323 1194 v.
348 1129 398 1196 19.
422 1151 493 1214 sqq.
522 1127 608 1194 idem
636 1138 749 1196 auctor
771 1133 889 1196 attulit.
936 1131 1058 1199 Scribit
1080 1132 1178 1196 enim:

80 1229 190 1313 „Quid
212 1231 339 1299 soboles
365 1232 513 1320 ignaviae
542 1255 631 1298 meae
654 1235 806 1300 meruerit
832 1258 896 1300 non
917 1235 1180 1320 praetermittam,

78 1358 176 1419 quum
198 1358 237 1400 eo
259 1345 403 1422 tempore
427 1337 583 1421 captivati
606 1336 647 1401 ab
668 1337 795 1402 Histria
816 1337 849 1402 in
865 1335 1040 1426 Cassiopea
1061 1339 1181 1404 insulas

77 1439 280 1524 pervenerint
304 1447 379 1524 post
407 1438 509 1504 multa
537 1463 693 1506 annorum
721 1441 895 1525 curricula,
924 1450 956 1507 et
978 1443 1033 1506 vix
1056 1449 1180 1507 vestam

78 1552 111 1608 et
131 1544 252 1609 inviam
274 1563 403 1608 scenam
425 1565 463 1608 ac
486 1543 653 1629 pulverum
675 1544 833 1610 ustionem
858 1567 931 1610 cum
954 1549 1071 1632 magno
1093 1567 1180 1610 moe·

78 1670 148 1712 rore
177 1655 210 1712 et
237 1643 345 1712 taedio
373 1647 568 1731 repetierint.
624 1647 671 1712 Et
698 1670 800 1732 usque
827 1647 861 1712 iri
889 1648 974 1713 diem
1002 1647 1182 1712 nativitatis

80 1769 186 1830 meae,
220 1770 300 1832 quae
328 1747 449 1813 dudum
479 1749 568 1812 culta
598 1750 725 1815 fuerant
753 1751 786 1814 in
815 1751 1017 1816 solitudinem
1049 1751 1182 1817 redacta

79 1854 182 1916 sunt“.
637 1853 641 1864 '

166 1951 249 2020 Cum
271 1954 322 2022 bis
344 1977 463 2042 magna
484 1977 524 2020 ex
545 1963 638 2040 parte
660 1958 863 2022 consentiunt
886 1980 967 2041 quae
988 1955 1098 2022 Probo
1121 1956 1180 2020 im-

78 2067 209 2144 perante
236 2059 323 2124 facta
351 2081 420 2124 esse
447 2059 583 2146 legimus
610 2059 644 2123 in
666 2059 816 2124 Eumenii
842 2060 1055 2148 panegyrico,
1086 2081 1201 2144 quem,

78 2163 105 2228 is
121 2163 291 2228 Britannia
312 2163 417 2228 insula
438 2171 569 2250 recepta
584 2160 797 2229 Constantino
813 2161 946 2229 Caesari
968 2163 1163 2246 dicavit⁵³⁰).

164 2267 341 2350 Postquam
363 2265 447 2336 enim
470 2289 553 2332 anno
575 2269 650 2335 277.
676 2264 816 2332 Galliam
840 2276 872 2332 et
894 2266 1102 2334 Germaniam
1125 2265 1181 2330 de·

79 2371 224 2453 bellavit,
254 2392 318 2453 quo
347 2369 450 2458 magis
477 2369 609 2456 Imperii
636 2369 716 2434 fines
745 2371 915 2435 orientales
938 2371 979 2434 ab
1002 2371 1180 2436 Alanorum

77 2471 312 2540 incursionibus
332 2475 435 2542 securi
451 2481 567 2556 essent,
587 2471 715 2538 Probus
730 2473 867 2560 captivis
879 2471 1015 2538 Francis
1029 2472 1063 2535 in
1073 2471 1180 2536 Ponto

77 2577 170 2644 sedes
198 2577 419 2664 assignaverat
428 2577 500 2662 581);
536 2577 591 2662 qui
617 2585 725 2640 tamen
753 2573 899 2660 quamvis
927 2575 1022 2662 pauci
1048 2597 1180 2640 numero

80 2679 280 2764 ,incredibili
308 2680 444 2745 audacia
472 2689 504 2748 et
531 2669 684 2746 felicitate
707 2703 727 2745 a
748 2680 854 2744 Ponto
876 2702 994 2765 usque,
1024 2678 1180 2763 correptis

75 2783 229 2866 navibus,
252 2780 424 2848 Graeciam
446 2784 624 2869 Asiamque
645 2784 808 2871 populati,
834 2805 894 2849 nec
916 2783 1045 2870 impune
1066 2782 1179 2867 pleris-

77 2911 140 2972 que
154 2885 281 2974 Libyae
293 2885 441 2954 litoribus
456 2888 593 2973 appulsi,
614 2887 701 2973 ipsas
718 2896 881 2974 postremo
897 2886 1064 2950 navalibus
1080 2909 1180 2970 quon·

78 2990 152 3056 dam
180 2990 325 3055 victoriis
350 2989 474 3054 nobiles
497 2998 649 3074 ceperunt
672 2989 868 3076 Syracusae,
897 2995 930 3053 et
950 2989 1105 3052 immenso
1127 2988 1180 3051 iti·

78 3116 153 3159 nere
172 3093 316 3180 pervecti
331 3091 499 3158 Oceanum
515 3115 579 3177 qua
592 3101 694 3159 terras
716 3092 831 3177 irrupit
850 3092 1060 3174 intraverunt,
1083 3099 1180 3175 atque

78 3198 125 3260 ita
146 3204 261 3262 eventu
283 3194 472 3262 temeritatis
495 3195 712 3280 ostenderunt,
734 3195 813 3261 nihil
836 3217 905 3261 esse
929 3196 1072 3262 clausum
1094 3195 1180 3280 pira·

78 3300 162 3366 tioae
183 3298 400 3385 desperationi
422 3321 486 3384 quo
508 3301 645 3388 navigiis
667 3307 793 3387 pateret
814 3303 982 3364 accessus“
998 3301 1065 3383 ⁵³²).

164 3403 290 3471 Horum
318 3404 419 3492 igitur
443 3403 579 3472 fortasse
607 3405 746 3472 Ethieus
772 3402 805 3468 in
829 3400 1087 3490 Oosmographia
1113 3401 1181 3466 lau-

77 3506 154 3572 dato
175 3509 248 3574 loco
270 3507 464 3574 mentionem
487 3509 611 3592 attulit,
639 3531 832 3593 quamquam
861 3507 987 3594 singula
1011 3505 1118 3572 omnia
1140 3503 1181 3570 ab

146 3737 214 3802 530)
234 3739 280 3790 etr.
303 3741 453 3804 Panegyriei
471 3741 578 3792 Veteres
603 3741 798 3790 recensuit
818 3741 914 3804 Wolfg.
933 3741 1065 3802 laegerns,
1084 3735 1181 3784 ²V011.

75 3827 258 3889 Norimbergae
279 3822 355 3874 1779.
378 3824 421 3874 8⁰.
446 3827 676 3876 ubiridetom.1.
695 3827 807 3877 nro.1V.
826 3843 882 3890 cap.
898 3824 937 3874 18.
956 3839 1014 3887 pag,
1029 3821 1089 3872 301.

147 3907 216 3972 5³1)
235 3910 281 3961 ct'r.
291 3912 359 3962 Elav.
368 3911 509 3975 Vopiscum
523 3911 549 3958 in
561 3910 655 3972 Probe,
674 3927 728 3974 cap.
742 3909 782 3960 18.
802 3908 941 3970 (Historiae
954 3909 1085 3970 Augustae
1098 3904 1182 3967 Scrip-

76 4008 144 4048 tores
162 4012 216 4048 sex.
246 3997 350 4064 Lipsiae
365 3996 441 4047 1774.
461 3992 503 4046 8⁰.
522 4009 580 4059 pag.
593 3993 667 4056 426.)
687 4003 712 4045 et
730 3993 841 4054 oiston,
860 3995 876 4044 l.
890 4009 912 4043 c.
931 4007 987 4056 cap.
999 3993 1058 4042 ΧΠ.
1077 3987 1150 4050 (tom.
1161 3991 1182 4039 1.

83 4102 90 4132 r
126 4121 132 4133 .
166 4080 258 4132 aas.

75 4100 125 4148 με
147 4082 216 4228 732)
235 4079 281 4217 isi.
301 4171 377 4220 etiam
395 4170 490 4220 Zosimi
513 4166 676 4216 historiarum
699 4165 743 4212 lib.
760 4164 780 4213 1.
806 4177 861 4226 cap.
883 4161 924 4212 71.
949 4158 1005 4222 (ed.
1024 4163 1183 4220 Reitemeier,

74 4257 178 4320 Lipsiae
200 4250 276 4304 1784.
296 4249 338 4302 8⁰.
356 4271 414 4330 pag.
428 4253 470 4307 92.
483 4251 533 4318 sq.)
921 4327 983 4396 13*
