2784 5106
196 943 243 993 nu
262 943 374 1002 marus
392 943 467 994 uss,
488 943 550 1006 ovi
567 946 617 995 An
636 945 718 995 unu.
733 943 764 994 Β.
783 941 985 994 rnanunur.

126 1074 294 1160 Secundae
315 1076 455 1142 familiae
478 1075 606 1144 codices
627 1077 775 1163 inscripti
797 1085 888 1142 sunt:

149 1177 263 1261 „luc
286 1177 520 1248 DIMENSIO
548 1179 775 1248 VNIVERSI
802 1178 941 1248 ORBIS
969 1177 1142 1248 TnRRA-

170 1279 275 1347 RVM
297 1283 329 1346 A
351 1281 444 1348 IVL.
469 1278 697 1364 CAESARE,
721 1279 888 1348 MARCO
911 1282 971 1348 ΒΤ
995 1282 1141 1352 ANTO-

171 1381 291 1452 NINO
333 1380 631 1452 CONSVIdBVS
669 1381 838 1472 FACTA.
905 1382 1020 1452 Omnis
1056 1386 1145 1474 orbis

169 1491 378 1574 peragratur“
403 1496 464 1553 etc.

21 1614 69 1658 ex
95 1590 151 1656 hir
180 1599 245 1656 tres
268 1589 370 1658 MSS.
393 1589 466 1654 libri
494 1599 570 1676 post
591 1589 690 1656 verba
714 1589 862 1672 „Massili
883 1613 970 1680 gens.
1016 1592 1143 1658 Avenei

21 1687 135 1782 gens“
160 1694 194 1758 in
215 1694 278 1758 fine
300 1694 406 1780 operis
429 1693 584 1760 adiiciunt
605 1693 712 1761 locum
726 1694 816 1760 illum
831 1693 872 1759 de
888 1703 1045 1778 „quatuor
1058 1693 1141 1762 an-

21 1799 137 1864 sareis
166 1797 226 1862 sub
255 1819 315 1861 axe
340 1796 483 1860 mundi“.
530 1795 597 1879 Qui
627 1807 734 1865 autem
763 1797 805 1862 ad
826 1798 902 1863 fam.
916 1797 956 1862 Β.
980 1799 1142 1884 pertinent

21 1899 248 1985 manuscripti
273 1898 346 1971 libri
376 1900 531 1984 quinque,
560 1923 615 1966 eor
644 1924 684 1966 ex
711 1900 888 1987 archetypo
915 1899 1086 1968 defluxisse
1107 1903 1141 1965 in

21 2003 198 2090 Hispania
225 2002 408 2088 conscripto
437 2025 534 2089 supra
564 2001 712 2069 diximus.
757 2003 831 2073 Hoc
854 2002 970 2070 deinde
992 2005 1142 2070 vetustis-
1225 1983 1239 2002 ⁸

25 2110 152 2173 simum
175 2105 353 2190 exemplar,
375 2114 413 2170 ut
435 2105 578 2188 videtur,
607 2113 712 2170 ortum
736 2115 847 2172 estex
870 2107 983 2172 codice
1005 2106 1080 2170 fam.
1097 2109 1139 2172 Α.
1166 2175 1170 2182 ,

25 2209 268 2296 antiquissimo,
289 2208 413 2274 seilicet
435 2232 474 2276 ax
496 2208 608 2277 codice
623 2207 824 2278 Scorialense
844 2210 965 2276 saeculi
979 2207 1075 2274 VIII.
1087 2213 1139 2294 ¹⁴⁷)

25 2315 99 2398 qui,
124 2313 270 2397 quamvis
292 2311 421 2376 titulum
437 2309 605 2402 Cosmogr.
628 2311 746 2378 habeat
762 2308 1017 2398 „DIMENSIO
1033 2312 1139 2378 TER-

6 2415 170 2499 ³RAE“,
198 2424 308 2480 tamen
336 2436 417 2500 opus
442 2415 549 2500 ipsum
569 2415 659 2478 hisce
682 2414 789 2479 verbis
810 2415 925 2500 incipit
947 2415 1034 2496 „lui
1058 2414 1141 2482 (lae-

6 2516 127 2584 lsare“
153 2525 220 2581 etot

8 2639 10 2654 ³
126 2616 352 2706 Archetypum
382 2638 459 2682 vero
487 2613 634 2682 codicum
655 2612 730 2678 fam.
747 2612 787 2678 Β.
809 2614 945 2682 fortasse
968 2613 1071 2682 codex
1093 2626 1143 2683 ost

7 2722 222 2812 ³Augiensis,
246 2743 340 2807 quem
362 2719 466 2806 primo
488 2720 560 2786 loco
582 2714 897 2802 recensebimus¹⁴⁸).

123 2932 166 2996 Β.
200 2929 295 2998 cod.
311 2929 532 3018 Augiensis
545 2929 600 3012 149)
618 2949 712 3012 quem
735 2904 810 3012 post
832 2947 950 3006 annum
967 2927 1042 2996 822.
1066 2951 1142 2994 con·

32 3035 140 3102 ditum
162 3058 227 3100 non
248 3035 346 3100 fuisse
368 3057 407 3100 eo
431 3032 601 3120 colligitur,
625 3030 712 3119 quod
729 3038 821 3096 vetus
836 3031 889 3095 ille
902 3029 1057 3095 librorum
1072 3033 1143 3098 Au-

30 3139 194 3226 giensium
225 3137 408 3222 catalogus,
444 3135 499 3220 qui
529 3143 675 3200 nostrum
693 3156 830 3219 ‘quoque
858 3134 975 3200 librum
1002 3133 1142 3218 exhibet,

31 3244 123 3306 intra
146 3260 245 3303 aranos
268 3239 332 3304 787
357 3246 390 3302 et
411 3237 476 3306 822
499 3239 540 3306 ab
555 3237 755 3325 Reginberto
773 3237 930 3304 monacho
947 3239 1143 3323 compositus

31 3353 95 3410 est.
145 3339 247 3406 Vide:
267 3339 420 3426 Neugart
443 3341 685 3428 „Episcopatus
714 3340 996 3408 Constantiensis“
1021 3349 1097 3407 tom.
1114 3341 1141 3406 1.

33 3469 114 3531 pars
132 3446 161 3513 1.
184 3467 258 3532 pag.
277 3441 351 3511 548.
369 3444 423 3521 ¹⁵⁰)

110 3624 176 3688 147)
196 3625 241 3675 cfr.
261 3641 337 3690 supra
354 3638 413 3688 pag.
429 3620 472 3671 28.
490 3629 550 3685 post
566 3623 633 3672 med.

50 3747 53 3754 .
111 3707 178 3772 148)
198 3713 242 3761 csr.
262 3725 338 3776 supra
355 3725 414 3775 pag.
427 3707 470 3758 28.
489 3723 512 3758 a.
526 3707 568 3757 fin.

113 3793 180 3856 149)
199 3797 283 3860 Augia
305 3797 397 3858 Divos,
420 3796 496 3845 hodie
520 3793 700 3854 „Beiehenau“
724 3795 863 3859 appellata,
886 3799 935 3848 sita
957 3806 996 3848 est
1017 3799 1147 3848 ininsula

37 3882 109 3932 lacus
128 3881 220 3932 Veneti
238 3897 317 3946 prope
336 3881 521 3934 Constantiam.
948 3941 951 3946 ¹

112 3965 179 4029 150)
199 3968 367 4032 Episcopatus
386 3967 588 4020 constantiensis
607 3967 789 4018 Alemannicus
812 3969 858 4018 sub
881 3969 1019 4032 Metropoli
1036 3969 1143 4032 Mogon-

41 4053 94 4102 tina
112 4070 170 4103 cum
183 4055 385 4116 Vindonissensi‚
404 4056 445 4104 cui
464 4056 592 4117 successit,
611 4054 637 4103 in
655 4055 805 4117 Burgundio
816 4055 986 4103 'I‘rausiurana
997 4053 1142 4106 Provinciae

41 4137 197 4192 Vesontinae
215 4141 276 4192 olim
295 4141 409 4202 fundato,
428 4141 606 4204 chronologice
626 4148 652 4190 et
668 4141 831 4204 diplomatico
842 4141 980 4190 illustratus
991 4141 1052 4192 aP.
1062 4144 1143 4194 Trud-

43 4234 115 4285 porto
127 4227 247 4290 Neugart.
274 4227 356 4276 Partis
368 4227 389 4276 1.
402 4227 475 4278 Tom.
487 4227 510 4276 1.
524 4229 590 4291 typis
603 4227 629 4278 S.
642 4227 722 4278 Blasii
738 4225 814 4278 180³.
828 4219 865 4275 4⁰.
883 4241 908 4289 p.
919 4225 1071 4280 547-5522
1085 4232 1142 4288 „In-

43 4311 103 4372 cipit
115 4313 197 4362 brevis
209 4313 330 4364 librorum
342 4329 407 4377 quos
423 4327 471 4378 ego
489 4315 658 4377 Reginbertus
675 4315 793 4378 indiguus
811 4314 952 4364 monachus
967 4321 1043 4378 atque
1061 4317 1144 4368 scriba

899 4397 943 4464 3*
