<?xml version="1.0" encoding="UTF-8"?>
<!DOCTYPE html PUBLIC "-//W3C//DTD XHTML 1.0 Transitional//EN"
    "http://www.w3.org/TR/xhtml1/DTD/xhtml1-transitional.dtd">
<html xmlns="http://www.w3.org/1999/xhtml" xml:lang="en" lang="en">
 <head>
  <title>
</title>
<meta http-equiv="Content-Type" content="text/html;charset=utf-8" />
  <meta name='ocr-system' content='tesseract 3.04.00' />
  <meta name='ocr-capabilities' content='ocr_page ocr_carea ocr_par ocr_line ocrx_word'/>
</head>
<body>
  <div class='ocr_page' id='page_1' title='image "./decosmographiae01pertgoog_0189.png"; bbox 0 0 2780 5092; ppageno 0'>
   <div class='ocr_carea' id='block_1_1' title="bbox 769 465 826 534">
    <p class='ocr_par' dir='ltr' id='par_1_1' title="bbox 769 465 826 534">
     <span class='ocr_line' id='line_1_1' title="bbox 769 465 826 534; baseline -0.053 0"><span class='ocrx_word' id='word_1_1' title='bbox 769 465 826 534; x_wconf 81' lang='lat'><strong>178</strong></span> 
     </span>
    </p>
   </div>
   <div class='ocr_carea' id='block_1_2' title="bbox 237 636 1312 832">
    <p class='ocr_par' dir='ltr' id='par_1_2' title="bbox 237 612 1312 832">
     <span class='ocr_line' id='line_1_2' title="bbox 238 636 1274 731; baseline -0.004 -17"><span class='ocrx_word' id='word_1_2' title='bbox 238 651 467 731; x_wconf 85' lang='lat' dir='ltr'><strong>repraesentat.</strong></span> <span class='ocrx_word' id='word_1_3' title='bbox 516 646 608 712; x_wconf 85' lang='lat' dir='ltr'><strong>Hine</strong></span> <span class='ocrx_word' id='word_1_4' title='bbox 635 661 727 727; x_wconf 87' lang='lat' dir='ltr'><strong>supra</strong></span> <span class='ocrx_word' id='word_1_5' title='bbox 754 639 820 702; x_wconf 86' lang='lat' dir='ltr'><strong>eius</strong></span> <span class='ocrx_word' id='word_1_6' title='bbox 847 644 945 722; x_wconf 86' lang='lat' dir='ltr'><strong>caput</strong></span> <span class='ocrx_word' id='word_1_7' title='bbox 970 636 1114 722; x_wconf 84' lang='lat' dir='ltr'><strong>Illyricum</strong></span> <span class='ocrx_word' id='word_1_8' title='bbox 1137 653 1219 708; x_wconf 78' lang='lat' dir='ltr'><strong>exstat</strong></span> <span class='ocrx_word' id='word_1_9' title='bbox 1240 649 1274 711; x_wconf 84' lang='lat' dir='ltr'><strong>al·</strong></span> 
     </span>
     <span class='ocr_line' id='line_1_3' title="bbox 237 738 1312 832; baseline -0.002 -23"><span class='ocrx_word' id='word_1_10' title='bbox 237 745 415 832; x_wconf 85' lang='lat' dir='ltr'><strong>phabetum</strong></span> <span class='ocrx_word' id='word_1_11' title='bbox 509 760 604 830; x_wconf 85' lang='lat' dir='ltr'><strong>atque</strong></span> <span class='ocrx_word' id='word_1_12' title='bbox 624 744 705 806; x_wconf 82' lang='lat' dir='ltr'><strong>infra</strong></span> <span class='ocrx_word' id='word_1_13' title='bbox 725 741 842 827; x_wconf 84' lang='lat' dir='ltr'><strong>legitur</strong></span> <span class='ocrx_word' id='word_1_14' title='bbox 858 739 944 828; x_wconf 13' lang='lat' dir='ltr'><strong>&#39;haec</strong></span> <span class='ocrx_word' id='word_1_15' title='bbox 965 738 1127 828; x_wconf 74' lang='lat' dir='ltr'><strong>inscriptio:</strong></span> <span class='ocrx_word' id='word_1_16' title='bbox 1311 746 1312 756; x_wconf 75' lang='grc'>’</span> 
     </span>
    </p>
   </div>
   <div class='ocr_carea' id='block_1_3' title="bbox 228 877 1386 3709">
    <p class='ocr_par' dir='ltr' id='par_1_3' title="bbox 239 877 1331 1190">
     <span class='ocr_line' id='line_1_4' title="bbox 260 877 1320 968; baseline -0.002 -4"><span class='ocrx_word' id='word_1_17' title='bbox 260 895 296 964; x_wconf 78' lang='lat' dir='ltr'><strong>S.</strong></span> <span class='ocrx_word' id='word_1_18' title='bbox 319 889 606 968; x_wconf 80' lang='lat' dir='ltr'>HIERONYMV</span> <span class='ocrx_word' id='word_1_19' title='bbox 606 887 631 958; x_wconf 84' lang='lat' dir='ltr'>S</span> <span class='ocrx_word' id='word_1_20' title='bbox 654 887 965 955; x_wconf 77' lang='lat' dir='ltr'><strong>LITTERARVM</strong></span> <span class='ocrx_word' id='word_1_21' title='bbox 986 877 1267 962; x_wconf 77' lang='lat' dir='ltr'><strong>ILLYRICARVM</strong></span> <span class='ocrx_word' id='word_1_22' title='bbox 1318 902 1320 928; x_wconf 81' lang='lat'>³</span> 
     </span>
     <span class='ocr_line' id='line_1_5' title="bbox 614 989 961 1078; baseline -0.003 -20"><span class='ocrx_word' id='word_1_23' title='bbox 614 989 881 1058; x_wconf 83' lang='lat' dir='ltr'>INVENTOR“</span> <span class='ocrx_word' id='word_1_24' title='bbox 895 993 961 1078; x_wconf 76' lang='lat'><strong>⁴⁸⁵).</strong></span> 
     </span>
     <span class='ocr_line' id='line_1_6' title="bbox 239 1095 1331 1190; baseline -0.009 -23"><span class='ocrx_word' id='word_1_25' title='bbox 239 1105 332 1172; x_wconf 85' lang='lat' dir='ltr'><strong>Idem</strong></span> <span class='ocrx_word' id='word_1_26' title='bbox 354 1099 456 1190; x_wconf 89' lang='lat' dir='ltr'><strong>pergit</strong></span> <span class='ocrx_word' id='word_1_27' title='bbox 476 1095 539 1160; x_wconf 87' lang='lat' dir='ltr'><strong>ita:</strong></span> <span class='ocrx_word' id='word_1_28' title='bbox 634 1139 638 1148; x_wconf 66' lang='lat'><em>‹</em></span> <span class='ocrx_word' id='word_1_29' title='bbox 1330 1167 1331 1174; x_wconf 17' lang='lat' dir='ltr'><strong>p</strong></span> 
     </span>
    </p>

    <p class='ocr_par' dir='ltr' id='par_1_4' title="bbox 241 1197 1347 1544">
     <span class='ocr_line' id='line_1_7' title="bbox 330 1197 1300 1298; baseline 0.002 -31.045"><span class='ocrx_word' id='word_1_30' title='bbox 330 1206 500 1290; x_wconf 79' lang='lat' dir='ltr'><strong>„Sanctum</strong></span> <span class='ocrx_word' id='word_1_31' title='bbox 528 1197 764 1298; x_wconf 84' lang='lat' dir='ltr'><strong>Hieronymum</strong></span> <span class='ocrx_word' id='word_1_32' title='bbox 777 1201 838 1284; x_wconf 76' lang='lat'>⁴⁸⁶)</span> <span class='ocrx_word' id='word_1_33' title='bbox 868 1199 1121 1288; x_wconf 83' lang='lat' dir='ltr'><strong>Illyricorumt</strong></span> <span class='ocrx_word' id='word_1_34' title='bbox 1087 1201 1133 1266; x_wconf 88' lang='lat' dir='ltr'><strong>litt</strong></span> <span class='ocrx_word' id='word_1_35' title='bbox 1121 1211 1243 1269; x_wconf 86' lang='lat' dir='ltr'><strong>terarum</strong></span> <span class='ocrx_word' id='word_1_36' title='bbox 1262 1207 1300 1269; x_wconf 91' lang='lat' dir='ltr'><strong>in-</strong></span> 
     </span>
     <span class='ocr_line' id='line_1_8' title="bbox 241 1256 1341 1396; baseline -0.005 -19"><span class='ocrx_word' id='word_1_37' title='bbox 241 1319 398 1377; x_wconf 87' lang='lat' dir='ltr'><strong>ventorem</strong></span> <span class='ocrx_word' id='word_1_38' title='bbox 426 1301 526 1366; x_wconf 84' lang='lat' dir='ltr'><strong>fuisse</strong></span> <span class='ocrx_word' id='word_1_39' title='bbox 552 1311 663 1388; x_wconf 88' lang='lat' dir='ltr'><strong>aperte</strong></span> <span class='ocrx_word' id='word_1_40' title='bbox 690 1301 785 1370; x_wconf 84' lang='lat' dir='ltr'><strong>docet</strong></span> <span class='ocrx_word' id='word_1_41' title='bbox 813 1301 1001 1395; x_wconf 90' lang='lat' dir='ltr'><strong>Inscriptio.</strong></span> <span class='ocrx_word' id='word_1_42' title='bbox 1031 1301 1120 1388; x_wconf 91' lang='lat' dir='ltr'><strong>idque</strong></span> <span class='ocrx_word' id='word_1_43' title='bbox 1145 1305 1250 1372; x_wconf 88' lang='lat' dir='ltr'><strong>fama</strong></span> <span class='ocrx_word' id='word_1_44' title='bbox 1243 1256 1341 1396; x_wconf 76' lang='lat' dir='ltr'><strong>rpsal</strong></span> 
     </span>
     <span class='ocr_line' id='line_1_9' title="bbox 241 1403 1345 1500; baseline -0.012 -20"><span class='ocrx_word' id='word_1_45' title='bbox 241 1413 327 1479; x_wconf 88' lang='lat' dir='ltr'><strong>nobis</strong></span> <span class='ocrx_word' id='word_1_46' title='bbox 347 1403 626 1494; x_wconf 55' lang='lat' dir='ltr'><strong>persuaderem.</strong></span> <span class='ocrx_word' id='word_1_47' title='bbox 1343 1458 1345 1500; x_wconf 31' lang='lat' dir='ltr'><strong>p</strong></span> 
     </span>
     <span class='ocr_line' id='line_1_10' title="bbox 1344 1501 1347 1544; baseline 0 0"><span class='ocrx_word' id='word_1_48' title='bbox 1344 1501 1347 1544; x_wconf 80' lang='grc' dir='ltr'>ι</span> 
     </span>
    </p>

    <p class='ocr_par' dir='ltr' id='par_1_5' title="bbox 230 1546 1373 2266">
     <span class='ocr_line' id='line_1_11' title="bbox 321 1559 1320 1649; baseline 0.008 -25"><span class='ocrx_word' id='word_1_49' title='bbox 321 1559 380 1625; x_wconf 88' lang='lat' dir='ltr'><strong>VI.</strong></span> <span class='ocrx_word' id='word_1_50' title='bbox 428 1560 590 1628; x_wconf 89' lang='lat' dir='ltr'><strong>Summi&#39;</strong></span> <span class='ocrx_word' id='word_1_51' title='bbox 581 1563 627 1649; x_wconf 86' lang='lat' dir='ltr'><strong>rgi</strong></span> <span class='ocrx_word' id='word_1_52' title='bbox 629 1571 681 1627; x_wconf 91' lang='lat' dir='ltr'><strong>tur</strong></span> <span class='ocrx_word' id='word_1_53' title='bbox 709 1564 877 1648; x_wconf 90' lang='lat' dir='ltr'><strong>pontifices</strong></span> <span class='ocrx_word' id='word_1_54' title='bbox 904 1562 1100 1649; x_wconf 82' lang='lat' dir='ltr'><strong>Hieronymo</strong></span> <span class='ocrx_word' id='word_1_55' title='bbox 1127 1562 1320 1632; x_wconf 85' lang='lat' dir='ltr'><strong>Sclavenica·</strong></span> 
     </span>
     <span class='ocr_line' id='line_1_12' title="bbox 234 1658 1356 1746; baseline 0.001 -13"><span class='ocrx_word' id='word_1_56' title='bbox 234 1687 302 1733; x_wconf 88' lang='lat' dir='ltr'><strong>rom</strong></span> <span class='ocrx_word' id='word_1_57' title='bbox 329 1663 511 1729; x_wconf 89' lang='lat' dir='ltr'><strong>litterarum</strong></span> <span class='ocrx_word' id='word_1_58' title='bbox 538 1665 698 1730; x_wconf 79' lang='lat' dir='ltr'><strong>inventori</strong></span> <span class='ocrx_word' id='word_1_59' title='bbox 727 1675 865 1732; x_wconf 89' lang='lat' dir='ltr'><strong>statuam</strong></span> <span class='ocrx_word' id='word_1_60' title='bbox 894 1664 1098 1731; x_wconf 88' lang='lat' dir='ltr'><strong>celeberrimo</strong></span> <span class='ocrx_word' id='word_1_61' title='bbox 1119 1669 1151 1730; x_wconf 93' lang='lat' dir='ltr'><strong>in</strong></span> <span class='ocrx_word' id='word_1_62' title='bbox 1171 1668 1239 1733; x_wconf 93' lang='lat' dir='ltr'><strong>loco</strong></span> <span class='ocrx_word' id='word_1_63' title='bbox 1261 1671 1321 1734; x_wconf 89' lang='lat' dir='ltr'><strong>ool·</strong></span> <span class='ocrx_word' id='word_1_64' title='bbox 1346 1658 1356 1746; x_wconf 81' lang='lat' dir='ltr'><strong>l</strong></span> 
     </span>
     <span class='ocr_line' id='line_1_13' title="bbox 232 1768 1329 1853; baseline -0.001 -18"><span class='ocrx_word' id='word_1_65' title='bbox 232 1772 394 1848; x_wconf 82' lang='lat' dir='ltr'><strong>locarunt3</strong></span> <span class='ocrx_word' id='word_1_66' title='bbox 423 1769 538 1833; x_wconf 91' lang='lat' dir='ltr'><strong>maiori</strong></span> <span class='ocrx_word' id='word_1_67' title='bbox 561 1776 670 1833; x_wconf 87' lang='lat' dir='ltr'><strong>tamen</strong></span> <span class='ocrx_word' id='word_1_68' title='bbox 692 1790 730 1832; x_wconf 90' lang='lat' dir='ltr'><strong>ac</strong></span> <span class='ocrx_word' id='word_1_69' title='bbox 753 1769 862 1834; x_wconf 90' lang='lat' dir='ltr'><strong>divino</strong></span> <span class='ocrx_word' id='word_1_70' title='bbox 887 1769 978 1853; x_wconf 87' lang='lat' dir='ltr'><strong>quasi</strong></span> <span class='ocrx_word' id='word_1_71' title='bbox 1000 1768 1119 1833; x_wconf 88' lang='lat' dir='ltr'><strong>honore</strong></span> <span class='ocrx_word' id='word_1_72' title='bbox 1141 1791 1213 1834; x_wconf 89' lang='lat' dir='ltr'><strong>eum</strong></span> <span class='ocrx_word' id='word_1_73' title='bbox 1236 1772 1329 1836; x_wconf 89' lang='lat' dir='ltr'><strong>coluit</strong></span> 
     </span>
     <span class='ocr_line' id='line_1_14' title="bbox 233 1858 1363 1959; baseline 0.001 -22"><span class='ocrx_word' id='word_1_74' title='bbox 233 1869 368 1937; x_wconf 83' lang='lat' dir='ltr'><strong>Carolus</strong></span> <span class='ocrx_word' id='word_1_75' title='bbox 382 1869 447 1937; x_wconf 81' lang='lat' dir='ltr'><strong>IV.</strong></span> <span class='ocrx_word' id='word_1_76' title='bbox 458 1872 650 1958; x_wconf 80' lang='lat' dir='ltr'><strong>Imperator,</strong></span> <span class='ocrx_word' id='word_1_77' title='bbox 672 1873 728 1956; x_wconf 86' lang='lat' dir='ltr'><strong>qui</strong></span> <span class='ocrx_word' id='word_1_78' title='bbox 742 1871 868 1959; x_wconf 88' lang='lat' dir='ltr'><strong>Pragaa</strong></span> <span class='ocrx_word' id='word_1_79' title='bbox 890 1871 924 1936; x_wconf 92' lang='lat' dir='ltr'><strong>in</strong></span> <span class='ocrx_word' id='word_1_80' title='bbox 946 1869 1098 1936; x_wconf 86' lang='lat' dir='ltr'><strong>suburbio</strong></span> <span class='ocrx_word' id='word_1_81' title='bbox 1114 1871 1166 1936; x_wconf 89' lang='lat' dir='ltr'><strong>die</strong></span> <span class='ocrx_word' id='word_1_82' title='bbox 1181 1875 1232 1940; x_wconf 88' lang='lat'><strong>21.</strong></span> <span class='ocrx_word' id='word_1_83' title='bbox 1245 1873 1328 1939; x_wconf 90' lang='lat' dir='ltr'><strong>Nov.</strong></span> <span class='ocrx_word' id='word_1_84' title='bbox 1361 1858 1363 1884; x_wconf 32' lang='lat' dir='ltr'><strong>l</strong></span> 
     </span>
     <span class='ocr_line' id='line_1_15' title="bbox 232 1973 1337 2044; baseline 0.003 -6"><span class='ocrx_word' id='word_1_85' title='bbox 232 1975 306 2039; x_wconf 88' lang='lat' dir='ltr'><strong>anni</strong></span> <span class='ocrx_word' id='word_1_86' title='bbox 331 1973 427 2044; x_wconf 74' lang='lat'><strong>1347.</strong></span> <span class='ocrx_word' id='word_1_87' title='bbox 458 1973 646 2041; x_wconf 86' lang='lat' dir='ltr'><strong>coenobium</strong></span> <span class='ocrx_word' id='word_1_88' title='bbox 667 1974 701 2039; x_wconf 92' lang='lat' dir='ltr'><strong>in</strong></span> <span class='ocrx_word' id='word_1_89' title='bbox 723 1974 908 2040; x_wconf 81' lang='lat' dir='ltr'><strong>memoriam</strong></span> <span class='ocrx_word' id='word_1_90' title='bbox 934 1975 1135 2039; x_wconf 83' lang='lat' dir='ltr'><strong>inventarum</strong></span> <span class='ocrx_word' id='word_1_91' title='bbox 1158 1976 1201 2040; x_wconf 87' lang='lat' dir='ltr'><strong>ab</strong></span> <span class='ocrx_word' id='word_1_92' title='bbox 1222 1976 1337 2042; x_wconf 86' lang='lat' dir='ltr'><strong>Hiero-</strong></span> 
     </span>
     <span class='ocr_line' id='line_1_16' title="bbox 230 2012 1375 2165; baseline 0.002 -23"><span class='ocrx_word' id='word_1_93' title='bbox 230 2101 329 2165; x_wconf 90' lang='lat' dir='ltr'><strong>nymo</strong></span> <span class='ocrx_word' id='word_1_94' title='bbox 353 2078 614 2146; x_wconf 88' lang='lat' dir='ltr'><strong>Sclavonlcarum</strong></span> <span class='ocrx_word' id='word_1_95' title='bbox 636 2078 814 2142; x_wconf 89' lang='lat' dir='ltr'><strong>litterarum</strong></span> <span class='ocrx_word' id='word_1_96' title='bbox 838 2075 1065 2159; x_wconf 83' lang='lat' dir='ltr'><strong>exstruendum</strong></span> <span class='ocrx_word' id='word_1_97' title='bbox 1088 2078 1225 2143; x_wconf 82' lang='lat' dir='ltr'><strong>curavit</strong></span> <span class='ocrx_word' id='word_1_98' title='bbox 1260 2080 1341 2144; x_wconf 81' lang='lat' dir='ltr'><strong>Tale</strong></span> <span class='ocrx_word' id='word_1_99' title='bbox 1367 2012 1375 2160; x_wconf 81' lang='lat' dir='ltr'><strong>l</strong></span> 
     </span>
     <span class='ocr_line' id='line_1_17' title="bbox 231 2178 1211 2266; baseline -0.003 -18.997"><span class='ocrx_word' id='word_1_100' title='bbox 231 2191 337 2248; x_wconf 88' lang='lat' dir='ltr'><strong>autem</strong></span> <span class='ocrx_word' id='word_1_101' title='bbox 361 2181 400 2246; x_wconf 90' lang='lat' dir='ltr'><strong>de</strong></span> <span class='ocrx_word' id='word_1_102' title='bbox 422 2181 485 2246; x_wconf 88' lang='lat' dir='ltr'><strong>hac</strong></span> <span class='ocrx_word' id='word_1_103' title='bbox 505 2201 540 2245; x_wconf 86' lang='lat' dir='ltr'><strong>ra</strong></span> <span class='ocrx_word' id='word_1_104' title='bbox 562 2179 703 2266; x_wconf 83' lang='lat' dir='ltr'><strong>diploma</strong></span> <span class='ocrx_word' id='word_1_105' title='bbox 723 2179 862 2245; x_wconf 80' lang='lat' dir='ltr'><strong>edidisse</strong></span> <span class='ocrx_word' id='word_1_106' title='bbox 884 2201 957 2244; x_wconf 87' lang='lat' dir='ltr'><strong>eum</strong></span> <span class='ocrx_word' id='word_1_107' title='bbox 979 2178 1115 2265; x_wconf 84' lang='lat' dir='ltr'><strong>legimus</strong></span> <span class='ocrx_word' id='word_1_108' title='bbox 1128 2181 1211 2263; x_wconf 67' lang='lat'><strong>⁸⁸⁷).</strong></span> 
     </span>
    </p>

    <p class='ocr_par' dir='ltr' id='par_1_6' title="bbox 228 2279 1386 3709">
     <span class='ocr_line' id='line_1_18' title="bbox 320 2279 1381 2370; baseline 0.001 -21.019"><span class='ocrx_word' id='word_1_109' title='bbox 320 2285 496 2368; x_wconf 79' lang='lat' dir='ltr'><strong>„Karalus,</strong></span> <span class='ocrx_word' id='word_1_110' title='bbox 532 2283 613 2348; x_wconf 83' lang='lat' dir='ltr'><strong>Dei</strong></span> <span class='ocrx_word' id='word_1_111' title='bbox 630 2283 735 2370; x_wconf 89' lang='lat' dir='ltr'><strong>gratia</strong></span> <span class='ocrx_word' id='word_1_112' title='bbox 762 2281 981 2347; x_wconf 84' lang='lat' dir='ltr'><strong>Romanorum</strong></span> <span class='ocrx_word' id='word_1_113' title='bbox 1009 2279 1081 2346; x_wconf 81' lang='lat' dir='ltr'><strong>Rex</strong></span> <span class='ocrx_word' id='word_1_114' title='bbox 1111 2305 1245 2370; x_wconf 81' lang='lat' dir='ltr'><strong>semper</strong></span> <span class='ocrx_word' id='word_1_115' title='bbox 1278 2280 1381 2350; x_wconf 73' lang='lat' dir='ltr'><strong>Au·</strong></span> 
     </span>
     <span class='ocr_line' id='line_1_19' title="bbox 230 2385 1318 2478; baseline -0.002 -24"><span class='ocrx_word' id='word_1_116' title='bbox 230 2397 343 2478; x_wconf 83' lang='lat' dir='ltr'><strong>gustus</strong></span> <span class='ocrx_word' id='word_1_117' title='bbox 367 2395 399 2452; x_wconf 91' lang='lat' dir='ltr'><strong>et</strong></span> <span class='ocrx_word' id='word_1_118' title='bbox 419 2387 553 2452; x_wconf 86' lang='lat' dir='ltr'><strong>Bosmia</strong></span> <span class='ocrx_word' id='word_1_119' title='bbox 574 2385 655 2450; x_wconf 88' lang='lat' dir='ltr'><strong>Rex.</strong></span> <span class='ocrx_word' id='word_1_120' title='bbox 702 2385 760 2454; x_wconf 89' lang='lat' dir='ltr'><strong>Ad</strong></span> <span class='ocrx_word' id='word_1_121' title='bbox 784 2395 972 2472; x_wconf 87' lang='lat' dir='ltr'><strong>perpetuam</strong></span> <span class='ocrx_word' id='word_1_122' title='bbox 996 2385 1044 2450; x_wconf 88' lang='lat' dir='ltr'><strong>rei</strong></span> <span class='ocrx_word' id='word_1_123' title='bbox 1065 2388 1318 2452; x_wconf 85' lang='lat' dir='ltr'><strong>memoriam.</strong></span> 
     </span>
     <span class='ocr_line' id='line_1_20' title="bbox 230 2487 1359 2576; baseline -0.002 -19"><span class='ocrx_word' id='word_1_124' title='bbox 230 2491 362 2558; x_wconf 89' lang='lat' dir='ltr'><strong>Dudum</strong></span> <span class='ocrx_word' id='word_1_125' title='bbox 389 2489 546 2575; x_wconf 88' lang='lat' dir='ltr'><strong>siquidem</strong></span> <span class='ocrx_word' id='word_1_126' title='bbox 568 2487 789 2554; x_wconf 86' lang='lat' dir='ltr'><strong>sanctissimus</strong></span> <span class='ocrx_word' id='word_1_127' title='bbox 816 2498 909 2575; x_wconf 80' lang='lat' dir='ltr'><strong>pater</strong></span> <span class='ocrx_word' id='word_1_128' title='bbox 936 2488 1085 2554; x_wconf 91' lang='lat' dir='ltr'><strong>dominus</strong></span> <span class='ocrx_word' id='word_1_129' title='bbox 1113 2499 1233 2556; x_wconf 87' lang='lat' dir='ltr'><strong>noster</strong></span> <span class='ocrx_word' id='word_1_130' title='bbox 1265 2513 1359 2576; x_wconf 81' lang='lat' dir='ltr'><strong>papa</strong></span> 
     </span>
     <span class='ocr_line' id='line_1_21' title="bbox 231 2591 1360 2682; baseline -0.005 -21"><span class='ocrx_word' id='word_1_131' title='bbox 231 2595 380 2662; x_wconf 80' lang='lat' dir='ltr'><strong>Clemens</strong></span> <span class='ocrx_word' id='word_1_132' title='bbox 415 2591 475 2659; x_wconf 87' lang='lat' dir='ltr'><strong>VI.</strong></span> <span class='ocrx_word' id='word_1_133' title='bbox 516 2591 690 2657; x_wconf 82' lang='lat' dir='ltr'><strong>venerabili</strong></span> <span class='ocrx_word' id='word_1_134' title='bbox 724 2593 865 2657; x_wconf 87' lang='lat' dir='ltr'><strong>Arnesto</strong></span> <span class='ocrx_word' id='word_1_135' title='bbox 901 2591 1152 2679; x_wconf 84' lang='lat' dir='ltr'><strong>archiepiscopo</strong></span> <span class='ocrx_word' id='word_1_136' title='bbox 1190 2593 1360 2682; x_wconf 76' lang='lat' dir='ltr'><strong>Progensi</strong></span> 
     </span>
     <span class='ocr_line' id='line_1_22' title="bbox 228 2695 1366 2786; baseline -0.004 -22"><span class='ocrx_word' id='word_1_137' title='bbox 228 2699 366 2786; x_wconf 79' lang='lat' dir='ltr'><strong>principi</strong></span> <span class='ocrx_word' id='word_1_138' title='bbox 395 2704 428 2760; x_wconf 88' lang='lat' dir='ltr'><strong>et</strong></span> <span class='ocrx_word' id='word_1_139' title='bbox 456 2695 637 2762; x_wconf 81' lang='lat' dir='ltr'><strong>consiliario</strong></span> <span class='ocrx_word' id='word_1_140' title='bbox 665 2703 776 2760; x_wconf 86' lang='lat' dir='ltr'><strong>nostro</strong></span> <span class='ocrx_word' id='word_1_141' title='bbox 805 2695 991 2778; x_wconf 84' lang='lat' dir='ltr'><strong>karissimo,</strong></span> <span class='ocrx_word' id='word_1_142' title='bbox 1024 2695 1066 2762; x_wconf 85' lang='lat' dir='ltr'><strong>ad</strong></span> <span class='ocrx_word' id='word_1_143' title='bbox 1089 2698 1204 2762; x_wconf 86' lang='lat' dir='ltr'><strong>nostri</strong></span> <span class='ocrx_word' id='word_1_144' title='bbox 1227 2695 1366 2762; x_wconf 82' lang='lat' dir='ltr'><strong>instan-</strong></span> 
     </span>
     <span class='ocr_line' id='line_1_23' title="bbox 228 2795 1369 2884; baseline -0.003 -19"><span class='ocrx_word' id='word_1_145' title='bbox 228 2803 307 2866; x_wconf 83' lang='lat' dir='ltr'><strong>tiam</strong></span> <span class='ocrx_word' id='word_1_146' title='bbox 328 2807 362 2864; x_wconf 87' lang='lat' dir='ltr'><strong>et</strong></span> <span class='ocrx_word' id='word_1_147' title='bbox 382 2807 564 2882; x_wconf 85' lang='lat' dir='ltr'><strong>requestam</strong></span> <span class='ocrx_word' id='word_1_148' title='bbox 586 2799 787 2863; x_wconf 89' lang='lat' dir='ltr'><strong>committere</strong></span> <span class='ocrx_word' id='word_1_149' title='bbox 808 2795 926 2880; x_wconf 84' lang='lat' dir='ltr'><strong>voluit,</strong></span> <span class='ocrx_word' id='word_1_150' title='bbox 949 2806 987 2862; x_wconf 89' lang='lat' dir='ltr'><strong>ut</strong></span> <span class='ocrx_word' id='word_1_151' title='bbox 1007 2799 1077 2884; x_wconf 86' lang='lat' dir='ltr'><strong>ipse</strong></span> <span class='ocrx_word' id='word_1_152' title='bbox 1099 2801 1137 2864; x_wconf 92' lang='lat' dir='ltr'><strong>in</strong></span> <span class='ocrx_word' id='word_1_153' title='bbox 1164 2809 1296 2865; x_wconf 86' lang='lat' dir='ltr'><strong>nostra</strong></span> <span class='ocrx_word' id='word_1_154' title='bbox 1321 2799 1369 2863; x_wconf 90' lang='lat' dir='ltr'><strong>ci·</strong></span> 
     </span>
     <span class='ocr_line' id='line_1_24' title="bbox 230 2901 1380 2989; baseline -0.004 -20"><span class='ocrx_word' id='word_1_155' title='bbox 230 2907 329 2970; x_wconf 90' lang='lat' dir='ltr'><strong>vitate</strong></span> <span class='ocrx_word' id='word_1_156' title='bbox 350 2903 508 2989; x_wconf 84' lang='lat' dir='ltr'><strong>Progensi</strong></span> <span class='ocrx_word' id='word_1_157' title='bbox 535 2902 762 2967; x_wconf 87' lang='lat' dir='ltr'><strong>monasterium</strong></span> <span class='ocrx_word' id='word_1_158' title='bbox 795 2901 1003 2966; x_wconf 83' lang='lat' dir='ltr'><strong>conventuale</strong></span> <span class='ocrx_word' id='word_1_159' title='bbox 1031 2909 1064 2963; x_wconf 88' lang='lat' dir='ltr'><strong>ct</strong></span> <span class='ocrx_word' id='word_1_160' title='bbox 1089 2902 1297 2968; x_wconf 80' lang='lat' dir='ltr'><strong>claustrale</strong></span> <span class='ocrx_word' id='word_1_161' title='bbox 1322 2925 1380 2966; x_wconf 86' lang='lat' dir='ltr'><strong>or-</strong></span> 
     </span>
     <span class='ocr_line' id='line_1_25' title="bbox 230 3001 1378 3089; baseline -0.005 -16"><span class='ocrx_word' id='word_1_162' title='bbox 230 3009 313 3074; x_wconf 87' lang='lat' dir='ltr'><strong>dinis</strong></span> <span class='ocrx_word' id='word_1_163' title='bbox 329 3007 362 3073; x_wconf 83' lang='lat' dir='ltr'><strong>S.</strong></span> <span class='ocrx_word' id='word_1_164' title='bbox 380 3005 549 3071; x_wconf 87' lang='lat' dir='ltr'><strong>Benedicti</strong></span> <span class='ocrx_word' id='word_1_165' title='bbox 570 3005 737 3070; x_wconf 82' lang='lat' dir='ltr'><strong>instituere</strong></span> <span class='ocrx_word' id='word_1_166' title='bbox 760 3011 792 3069; x_wconf 87' lang='lat' dir='ltr'><strong>ot</strong></span> <span class='ocrx_word' id='word_1_167' title='bbox 814 3001 1005 3068; x_wconf 85' lang='lat' dir='ltr'><strong>anctoritate</strong></span> <span class='ocrx_word' id='word_1_168' title='bbox 1025 3011 1141 3087; x_wconf 86' lang='lat' dir='ltr'><strong>posset</strong></span> <span class='ocrx_word' id='word_1_169' title='bbox 1163 3006 1378 3089; x_wconf 81' lang='lat' dir='ltr'><strong>apostolica</strong></span> 
     </span>
     <span class='ocr_line' id='line_1_26' title="bbox 229 3104 1386 3191; baseline -0.005 -15"><span class='ocrx_word' id='word_1_170' title='bbox 229 3111 392 3191; x_wconf 84' lang='lat' dir='ltr'><strong>ordinare,</strong></span> <span class='ocrx_word' id='word_1_171' title='bbox 415 3109 570 3172; x_wconf 87' lang='lat' dir='ltr'><strong>institutis</strong></span> <span class='ocrx_word' id='word_1_172' title='bbox 591 3106 711 3173; x_wconf 88' lang='lat' dir='ltr'><strong>ibidem</strong></span> <span class='ocrx_word' id='word_1_173' title='bbox 735 3106 852 3171; x_wconf 84' lang='lat' dir='ltr'><strong>abbate</strong></span> <span class='ocrx_word' id='word_1_174' title='bbox 875 3114 908 3171; x_wconf 86' lang='lat' dir='ltr'><strong>at</strong></span> <span class='ocrx_word' id='word_1_175' title='bbox 926 3104 1089 3190; x_wconf 77' lang='lat' dir='ltr'><strong>fratribus,</strong></span> <span class='ocrx_word' id='word_1_176' title='bbox 1112 3109 1181 3191; x_wconf 89' lang='lat' dir='ltr'><strong>qui</strong></span> <span class='ocrx_word' id='word_1_177' title='bbox 1206 3105 1386 3172; x_wconf 81' lang='lat' dir='ltr'><strong>Domino</strong></span> 
     </span>
     <span class='ocr_line' id='line_1_27' title="bbox 228 3207 1384 3295; baseline -0.005 -17"><span class='ocrx_word' id='word_1_178' title='bbox 228 3213 417 3278; x_wconf 86' lang='lat' dir='ltr'><strong>famulantes</strong></span> <span class='ocrx_word' id='word_1_179' title='bbox 439 3211 549 3275; x_wconf 90' lang='lat' dir='ltr'><strong>divina</strong></span> <span class='ocrx_word' id='word_1_180' title='bbox 570 3210 676 3275; x_wconf 84' lang='lat' dir='ltr'><strong>officia</strong></span> <span class='ocrx_word' id='word_1_181' title='bbox 692 3211 726 3273; x_wconf 92' lang='lat' dir='ltr'><strong>in</strong></span> <span class='ocrx_word' id='word_1_182' title='bbox 742 3209 852 3295; x_wconf 88' lang='lat' dir='ltr'><strong>lingua</strong></span> <span class='ocrx_word' id='word_1_183' title='bbox 867 3207 1041 3276; x_wconf 83' lang='lat' dir='ltr'><strong>Slavonica</strong></span> <span class='ocrx_word' id='word_1_184' title='bbox 1063 3209 1304 3276; x_wconf 79' lang='lat' dir='ltr'><strong>duntaxat</strong></span> <span class='ocrx_word' id='word_1_185' title='bbox 1331 3210 1384 3275; x_wconf 91' lang='lat' dir='ltr'><strong>ob</strong></span> 
     </span>
     <span class='ocr_line' id='line_1_28' title="bbox 229 3305 1385 3400; baseline -0.005 -18"><span class='ocrx_word' id='word_1_186' title='bbox 229 3305 501 3382; x_wconf 89' lang='lat' dir='ltr'><strong>reverentiam</strong></span> <span class='ocrx_word' id='word_1_187' title='bbox 529 3321 568 3378; x_wconf 87' lang='lat' dir='ltr'><strong>et</strong></span> <span class='ocrx_word' id='word_1_188' title='bbox 595 3312 823 3376; x_wconf 86' lang='lat' dir='ltr'><strong>memoriam</strong></span> <span class='ocrx_word' id='word_1_189' title='bbox 853 3313 1149 3400; x_wconf 82' lang='lat' dir='ltr'><strong>gloriosissimi</strong></span> <span class='ocrx_word' id='word_1_190' title='bbox 1188 3315 1385 3379; x_wconf 83' lang='lat' dir='ltr'><strong>confes·</strong></span> 
     </span>
     <span class='ocr_line' id='line_1_29' title="bbox 230 3413 1364 3502; baseline -0.008 -17"><span class='ocrx_word' id='word_1_191' title='bbox 230 3420 333 3485; x_wconf 89' lang='lat' dir='ltr'><strong>soris</strong></span> <span class='ocrx_word' id='word_1_192' title='bbox 368 3419 488 3484; x_wconf 86' lang='lat' dir='ltr'><strong>Beati</strong></span> <span class='ocrx_word' id='word_1_193' title='bbox 527 3413 732 3499; x_wconf 89' lang='lat' dir='ltr'><strong>Ieronymi</strong></span> <span class='ocrx_word' id='word_1_194' title='bbox 773 3414 1100 3502; x_wconf 84' lang='lat' dir='ltr'><strong>Strydoniensis,</strong></span> <span class='ocrx_word' id='word_1_195' title='bbox 1156 3415 1364 3482; x_wconf 82' lang='lat' dir='ltr'><strong>doctori</strong></span> 
     </span>
     <span class='ocr_line' id='line_1_30' title="bbox 229 3516 1377 3608; baseline -0.006 -23"><span class='ocrx_word' id='word_1_196' title='bbox 229 3521 384 3608; x_wconf 83' lang='lat' dir='ltr'><strong>egregii</strong></span> <span class='ocrx_word' id='word_1_197' title='bbox 407 3529 445 3585; x_wconf 91' lang='lat' dir='ltr'><strong>et</strong></span> <span class='ocrx_word' id='word_1_198' title='bbox 466 3516 746 3602; x_wconf 86' lang='lat' dir='ltr'><strong>translatoris,</strong></span> <span class='ocrx_word' id='word_1_199' title='bbox 770 3519 1084 3606; x_wconf 86' lang='lat' dir='ltr'><strong>interpretisque</strong></span> <span class='ocrx_word' id='word_1_200' title='bbox 1108 3521 1292 3585; x_wconf 86' lang='lat' dir='ltr'><strong>eximii</strong></span> <span class='ocrx_word' id='word_1_201' title='bbox 1322 3538 1377 3581; x_wconf 89' lang='lat' dir='ltr'><strong>sa</strong></span> 
     </span>
     <span class='ocr_line' id='line_1_31' title="bbox 228 3617 1374 3709; baseline -0.004 -21"><span class='ocrx_word' id='word_1_202' title='bbox 228 3645 293 3689; x_wconf 86' lang='lat' dir='ltr'><strong>cre</strong></span> <span class='ocrx_word' id='word_1_203' title='bbox 318 3623 532 3709; x_wconf 87' lang='lat' dir='ltr'><strong>Scripture</strong></span> <span class='ocrx_word' id='word_1_204' title='bbox 561 3617 607 3685; x_wconf 89' lang='lat' dir='ltr'><strong>de</strong></span> <span class='ocrx_word' id='word_1_205' title='bbox 637 3619 815 3688; x_wconf 81' lang='lat' dir='ltr'><strong>Ebraica</strong></span> <span class='ocrx_word' id='word_1_206' title='bbox 843 3623 883 3687; x_wconf 92' lang='lat' dir='ltr'><strong>in</strong></span> <span class='ocrx_word' id='word_1_207' title='bbox 907 3622 1096 3687; x_wconf 87' lang='lat' dir='ltr'><strong>Latinam</strong></span> <span class='ocrx_word' id='word_1_208' title='bbox 1126 3633 1177 3689; x_wconf 80' lang='lat' dir='ltr'><strong>et</strong></span> <span class='ocrx_word' id='word_1_209' title='bbox 1211 3623 1374 3692; x_wconf 85' lang='lat' dir='ltr'><strong>Slavo</strong></span> 
     </span>
    </p>
   </div>
   <div class='ocr_carea' id='block_1_4' title="bbox 226 3830 1390 4326">
    <p class='ocr_par' dir='ltr' id='par_1_7' title="bbox 226 3830 1390 3982">
     <span class='ocr_line' id='line_1_32' title="bbox 298 3830 1390 3897; baseline -0.005 -13"><span class='ocrx_word' id='word_1_210' title='bbox 298 3830 366 3895; x_wconf 84' lang='grc'>485)</span> <span class='ocrx_word' id='word_1_211' title='bbox 384 3833 455 3883; x_wconf 86' lang='lat' dir='ltr'><strong>Idem</strong></span> <span class='ocrx_word' id='word_1_212' title='bbox 477 3834 552 3883; x_wconf 84' lang='lat' dir='ltr'><strong>docet</strong></span> <span class='ocrx_word' id='word_1_213' title='bbox 573 3833 699 3896; x_wconf 85' lang='lat' dir='ltr'><strong>Niebuhr,</strong></span> <span class='ocrx_word' id='word_1_214' title='bbox 722 3835 846 3897; x_wconf 73' lang='lat' dir='ltr'><strong>Vortrogo</strong></span> <span class='ocrx_word' id='word_1_215' title='bbox 869 3835 932 3884; x_wconf 83' lang='lat' dir='ltr'><strong>iiber</strong></span> <span class='ocrx_word' id='word_1_216' title='bbox 949 3835 999 3884; x_wconf 83' lang='lat' dir='ltr'><strong>alte</strong></span> <span class='ocrx_word' id='word_1_217' title='bbox 1017 3835 1135 3884; x_wconf 79' lang='lat' dir='ltr'><strong>Ltndor-</strong></span> <span class='ocrx_word' id='word_1_218' title='bbox 1159 3837 1237 3888; x_wconf 81' lang='lat' dir='ltr'><strong>und</strong></span> <span class='ocrx_word' id='word_1_219' title='bbox 1264 3833 1390 3884; x_wconf 72' lang='lat' dir='ltr'><strong>leke</strong></span> 
     </span>
     <span class='ocr_line' id='line_1_33' title="bbox 226 3915 592 3982; baseline -0.003 -12"><span class='ocrx_word' id='word_1_220' title='bbox 226 3915 592 3982; x_wconf 60' lang='lat' dir='ltr'><strong>kmmmwm</strong></span> 
     </span>
    </p>

    <p class='ocr_par' dir='ltr' id='par_1_8' title="bbox 298 4001 592 4069">
     <span class='ocr_line' id='line_1_34' title="bbox 298 4001 592 4069; baseline -0.003 -14"><span class='ocrx_word' id='word_1_221' title='bbox 298 4001 365 4064; x_wconf 78' lang='lat'>486)</span> <span class='ocrx_word' id='word_1_222' title='bbox 385 4005 401 4054; x_wconf 95' lang='lat' dir='ltr'><strong>l.</strong></span> <span class='ocrx_word' id='word_1_223' title='bbox 420 4020 442 4053; x_wconf 88' lang='lat' dir='ltr'><strong>c</strong></span> <span class='ocrx_word' id='word_1_224' title='bbox 460 4020 518 4069; x_wconf 80' lang='lat' dir='ltr'><strong>pag.</strong></span> <span class='ocrx_word' id='word_1_225' title='bbox 532 4004 592 4055; x_wconf 75' lang='lat'><strong>246.</strong></span> 
     </span>
    </p>

    <p class='ocr_par' dir='ltr' id='par_1_9' title="bbox 226 4039 1388 4326">
     <span class='ocr_line' id='line_1_35' title="bbox 296 4039 1388 4155; baseline -0.004 -15"><span class='ocrx_word' id='word_1_226' title='bbox 296 4087 365 4150; x_wconf 76' lang='lat'>487)</span> <span class='ocrx_word' id='word_1_227' title='bbox 384 4091 465 4140; x_wconf 62' lang='lat' dir='ltr'><strong>Rana</strong></span> <span class='ocrx_word' id='word_1_228' title='bbox 486 4091 581 4142; x_wconf 73' lang='lat' dir='ltr'><strong>Martio</strong></span> <span class='ocrx_word' id='word_1_229' title='bbox 603 4089 688 4140; x_wconf 79' lang='lat' dir='ltr'><strong>Pelasl</strong></span> <span class='ocrx_word' id='word_1_230' title='bbox 711 4089 820 4148; x_wconf 75' lang='lat' dir='ltr'><strong>„Kaisar</strong></span> <span class='ocrx_word' id='word_1_231' title='bbox 841 4088 904 4138; x_wconf 78' lang='lat' dir='ltr'><strong>Xanl</strong></span> <span class='ocrx_word' id='word_1_232' title='bbox 927 4089 972 4138; x_wconf 81' lang='lat' dir='ltr'><strong>der</strong></span> <span class='ocrx_word' id='word_1_233' title='bbox 990 4088 1089 4152; x_wconf 83' lang='lat' dir='ltr'><strong>Vierte,</strong></span> <span class='ocrx_word' id='word_1_234' title='bbox 1109 4039 1266 4155; x_wconf 69' lang='lat' dir='ltr'><strong>Komig&#39;</strong></span> <span class='ocrx_word' id='word_1_235' title='bbox 1258 4105 1304 4140; x_wconf 80' lang='lat' dir='ltr'><strong>m</strong></span> <span class='ocrx_word' id='word_1_236' title='bbox 1325 4086 1388 4136; x_wconf 78' lang='lat' dir='ltr'><strong>B&#39;o</strong></span> 
     </span>
     <span class='ocr_line' id='line_1_36' title="bbox 226 4171 1388 4239; baseline -0.003 -15"><span class='ocrx_word' id='word_1_237' title='bbox 226 4172 310 4224; x_wconf 83' lang='lat' dir='ltr'><strong>mcn“.</strong></span> <span class='ocrx_word' id='word_1_238' title='bbox 337 4175 435 4228; x_wconf 74' lang='lat' dir='ltr'><strong>avon.</strong></span> <span class='ocrx_word' id='word_1_239' title='bbox 464 4171 610 4239; x_wconf 74' lang='lat' dir='ltr'><strong>8⁰.PP.rag</strong></span> <span class='ocrx_word' id='word_1_240' title='bbox 626 4173 817 4227; x_wconf 66' lang='lat' dir='ltr'><strong>tvm-1781</strong></span> <span class='ocrx_word' id='word_1_241' title='bbox 844 4174 1085 4237; x_wconf 79' lang='lat' dir='ltr'><strong>ubividotcnr.1,</strong></span> <span class='ocrx_word' id='word_1_242' title='bbox 1110 4174 1388 4228; x_wconf 70' lang='lat' dir='ltr'><strong>urkundenbuo</strong></span> 
     </span>
     <span class='ocr_line' id='line_1_37' title="bbox 227 4256 1257 4326; baseline 0.002 -18"><span class='ocrx_word' id='word_1_243' title='bbox 227 4273 281 4309; x_wconf 90' lang='lat' dir='ltr'><strong>nro.</strong></span> <span class='ocrx_word' id='word_1_244' title='bbox 299 4258 442 4310; x_wconf 86' lang='lat' dir='ltr'><strong>LXXXIII.</strong></span> <span class='ocrx_word' id='word_1_245' title='bbox 462 4256 531 4324; x_wconf 83' lang='lat' dir='ltr'><strong>(pag.</strong></span> <span class='ocrx_word' id='word_1_246' title='bbox 543 4260 584 4310; x_wconf 79' lang='lat'><strong>91.</strong></span> <span class='ocrx_word' id='word_1_247' title='bbox 597 4256 648 4322; x_wconf 85' lang='lat' dir='ltr'><strong>sq.)</strong></span> <span class='ocrx_word' id='word_1_248' title='bbox 668 4291 702 4300; x_wconf 85' lang='lat'><strong>-</strong></span> <span class='ocrx_word' id='word_1_249' title='bbox 720 4262 766 4312; x_wconf 82' lang='lat' dir='ltr'><strong>cfr.</strong></span> <span class='ocrx_word' id='word_1_250' title='bbox 782 4261 861 4312; x_wconf 75' lang='lat' dir='ltr'><strong>anam</strong></span> <span class='ocrx_word' id='word_1_251' title='bbox 878 4260 939 4310; x_wconf 88' lang='lat' dir='ltr'><strong>ibid.</strong></span> <span class='ocrx_word' id='word_1_252' title='bbox 959 4267 1065 4312; x_wconf 81' lang='lat' dir='ltr'><strong>textus</strong></span> <span class='ocrx_word' id='word_1_253' title='bbox 1083 4261 1257 4326; x_wconf 73' lang='lat' dir='ltr'><strong>psg.186.</strong></span> 
     </span>
    </p>
   </div>
   <div class='ocr_carea' id='block_1_5' title="bbox 0 0 1394 5092">
    <p class='ocr_par' dir='ltr' id='par_1_10' title="bbox 0 0 1394 5092">
     <span class='ocr_line' id='line_1_38' title="bbox 0 0 1394 5092; baseline 0 3"><span class='ocrx_word' id='word_1_254' title='bbox 0 0 1394 5092; x_wconf 95' lang='lat' dir='ltr'><strong> </strong></span> 
     </span>
    </p>
   </div>
  </div>
 </body>
</html>
