2780 5092
15 913 17 932 l

15 957 18 1022 l

587 505 649 572 169

71 677 161 742 curia
182 677 380 743 librariorum
399 687 436 744 'et
458 678 538 744 ordo
560 679 686 764 apicum
708 685 741 742 et
761 678 882 741 formae
899 679 987 764 ipsae
1002 677 1169 764 depravati

71 789 186 844 essent.
233 779 340 862 Quare
367 790 404 846 ut
430 781 542 868 paucis
568 781 757 846 sententiam
779 789 921 845 nostram
943 781 983 847 de
1006 784 1168 850 elementis

69 881 179 946 Ethici
207 883 269 950 hoc
295 886 368 950 loco
391 893 590 972 repetamus,
619 905 659 948 ex
680 885 721 948 iis
743 905 825 967 quae
846 907 944 971 supra
966 887 1168 971 exposuimus

68 985 225 1068 sequitur:
257 988 517 1074 alphabetum
548 987 634 1052 eius
655 987 883 1052 litterarum
906 986 1168 1054 Sclavenica-

67 1110 147 1151 rum
177 1089 384 1176 exemplar
413 1099 451 1154 et
480 1089 746 1176 archetypum
775 1091 920 1173 fuisse,
949 1091 1009 1156 ita
1035 1099 1079 1155 ut
1100 1091 1167 1156 de-

15 1219 16 1234 2
68 1211 189 1256 cursu
218 1193 473 1258 saecu-lorum
502 1215 547 1257 ex
570 1193 853 1277 antiquissima
873 1192 947 1258 ill'a
968 1203 1007 1260 et
1027 1194 1168 1258 incon·

66 1293 158 1357 dita
185 1295 363 1380 imagine
390 1296 641 1362 recentiores
670 1293 974 1384 Glagolitarum
1005 1297 1167 1379 ductus,

67 1395 306 1461 emendatos
334 1398 451 1462 simul
480 1407 599 1482 atque
628 1408 786 1484 auctos,
818 1409 928 1467 ortos
957 1421 1044 1467 esse
1073 1423 1167 1466 con-

66 1499 265 1564 fitendum
288 1501 424 1584 sitm).
1041 1509 1044 1518 “

14 1679 15 1694 ¹
156 1600 224 1670 Sed
253 1603 295 1667 ab
321 1602 442 1668 Ethico
470 1604 662 1692 philosopho
691 1607 751 1672 etsi
780 1608 887 1694 apices
910 1608 1092 1676 sclavonici
1120 1609 1167 1672 in-

14 1769 15 1776 ,
69 1707 157 1769 venti
184 1713 259 1772 sunt
284 1714 407 1790 tamen,
436 1697 525 1773 libris
552 1709 620 1774 eius
647 1720 685 1774 ut
711 1709 839 1790 ridetur
865 1713 959 1798 plane
982 1711 1168 1798 deperditis,

14 1813 15 1840 ³
70 1807 196 1872 nonnisi
223 1829 263 1872 ex
290 1807 324 1876 S.
347 1809 539 1894 Hieronymi
565 1812 711 1876 versione
737 1809 1011 1897 Oosmographiae
1039 1815 1169 1901 dignos·

14 1887 22 1933 t
71 1917 201 1990 cuutur;
229 1910 312 1978 hunc
333 1912 440 1998 ipsum
461 1911 562 1999 igitur
584 1932 604 1974 a
625 1910 776 1996 gentibus
797 1909 987 1978 Sclavorum
1009 1937 1069 1997 pro
1091 1937 1167 1980 vero

69 2009 335 2100 Glagoliticarum
356 2016 535 2081 litterarum
557 2013 723 2080 inventore
745 2013 860 2100 accipi,
883 2015 955 2098 quis
978 2016 1096 2098 estqui
1112 2016 1169 2080 ad-

14 2123 15 2156 ³
68 2116 219 2182 miretur?
256 2117 428 2200 Quaeres
456 2125 610 2204 quantum
639 2116 816 2183 subsidium
845 2118 1019 2184 sententiae
1041 2125 1168 2183 nostrae

67 2220 235 2304 praebeat,
267 2223 425 2288 neminem
453 2230 490 2286 ut
519 2219 678 2286 oredimus
707 2219 846 2309 effugiet.
899 2221 986 2287 Nam
1016 2221 1044 2287 si
1073 2223 1168 2286 oertis

69 2325 263 2412 argumentis
286 2323 487 2410 comprobari
505 2323 634 2405 poterit,
657 2323 813 2386 elementa
824 2323 1021 2409 Glagolitioa
1042 2349 1168 2391 rumoie

13 2439 14 2506 ᾗ
68 2429 284 2494 vetustissimo
300 2445 364 2511 ’per
387 2422 595 2490 Sclsyonicas
622 2421 766 2484 nationes
788 2423 882 2507 longe
904 2425 1031 2508 lateque
1054 2425 1168 2492 diffuso

69 2531 109 2596 ad
137 2539 303 2596 auctorem
333 2527 368 2594 S.
398 2525 633 2609 Hieronymum
660 2520 785 2586 reduci:
826 2522 1032 2608 alphabetum
1060 2525 1169 2592 Ethici

68 2655 139 2699 cum
157 2631 356 2719 Glagolitico
379 2649 419 2694 ex
441 2627 528 2693 omni
541 2633 642 2712 parte
664 2625 842 2695 consentire
865 2634 953 2692 certo
977 2627 1094 2694 certius
1109 2638 1167 2694 est.

66 2736 163 2804 Hanc
184 2734 284 2822 igitur
306 2732 523 2816 quaestionem
549 2730 752 2818 paragrapho
774 2731 919 2818 sequenti
940 2732 1167 2800 instituendam

66 2841 160 2907 nobis
182 2836 415 2924 proposuimus.

574 3083 605 3166 a.
628 3082 659 3149 3.

13 3229 15 3290 5
86 3222 273 3278 nnunass
289 3223 547 3278 omoomnoss
573 3225 623 3275 Ao
650 3195 935 3276 summarum
956 3225 1151 3280 svcroaau

242 3311 373 3362 REDVCI
399 3313 494 3363 APVD
522 3311 681 3365 SCLAVOS
707 3309 1001 3362 Duuousuasuva.

156 3454 184 3519 I.
233 3455 451 3542 Alphabetum
482 3454 712 3541 Glagoliticum
740 3452 828 3540 quod
856 3475 875 3517 a
904 3451 1025 3521 Sancto
1054 3453 1169 3520 Hiero-

67 3581 166 3648 nymo
189 3558 324 3650 maiores
346 3581 421 3625 suos
443 3558 606 3642 accepisse
628 3557 779 3641 credunt,
809 3557 1169 3646 Hieronymianum

67 3662 188 3728 hodie
210 3684 369 3746 quoque
393 3659 533 3730 Sclavi
555 3657 748 3722 vocitant.
794 3659 897 3728 Cuius
919 3662 965 3728 rei
987 3663 1170 3728 testimonia

68 3767 171 3834 multa
196 3765 410 3830 inveniuntur.
455 3760 505 3824 Ut
534 3759 618 3822 enim
646 3768 771 3824 taceam
799 3786 881 3846 quae
907 3765 947 3830 de
969 3765 1169 3848 Hieronymo

69 3880 200 3937 auctore
213 3869 391 3932 litterarum
406 3861 572 3948 proferunt
581 3859 670 3924 Kohl
678 3862 747 3943 ⁴⁴³),
760 3861 829 3929 Iob.
842 3864 967 3930 Leonh.
977 3865 1169 3947 Frisch⁴⁴⁴),

139 4045 208 4107 442)
227 4048 342 4097 Eandem
365 4044 418 4095 lere
441 4045 473 4093 dc
495 4042 585 4092 litteris
603 4041 693 4118 lli-hid,
705 4042 855 4093 sententiam
873 4041 971 4104 profert
988 4042 1020 4092 V.
1040 4040 1079 4092 Cl.
1098 4043 1169 4094 Mau-

70 4132 139 4184 ritius
158 4132 252 4196 Haupt,
270 4134 287 4181 l.
300 4148 322 4183 c.
341 4145 399 4196 pag.
414 4129 455 4180 10.
467 4130 534 4179 med.

138 4215 207 4278 443)
227 4217 243 4265 l.
257 4232 279 4265 o.
297 4233 355 4281 pag.
370 4216 411 4266 77.
431 4224 457 4267 et
474 4215 530 4265 aliis
548 4213 619 4262 locis.

140 4299 209 4362 444)
230 4301 326 4364 „Origo
345 4303 495 4354 characteris
514 4297 672 4353 sclavonici“
692 4307 738 4350 etc.
760 4263 835 4351 1¹727.
853 4301 956 4365 passim.
