2800 5088
768 455 811 520 72

336 627 704 694 Pseudo-Aethici
740 625 1116 714 cosmographiam,
1149 630 1213 694 ita:
1256 630 1355 697 INC.

244 729 620 800 COSMOGRAPHIA
637 781 644 796 .
660 731 724 796 DE
741 780 749 795 .
764 730 925 796 MVNDI
939 780 948 796 .
964 731 1140 796 MAPPA.
1189 732 1355 815 „Lectio-

243 859 318 900 num
341 833 488 920 pervigiIi
517 855 595 898 cura
618 883 711 898 ......
738 834 919 918 [Britannia
942 836 1016 918 ....]
1041 833 1139 898 XIII.
1162 835 1351 902 coluntur“.

243 935 466 1003 EXPLICIT
484 934 789 1004 ,DESCRIPTIO
807 986 814 1001 .
830 935 998 1001 MVNDI.

331 1041 371 1106 In
392 1048 534 1106 extrema
547 1040 685 1128 paginae
701 1048 794 1125 parte
807 1038 850 1104 ab
865 1038 978 1104 eadem
991 1062 1088 1104 manu
1103 1062 1225 1126 mappa
1239 1043 1351 1107 mundi

244 1143 403 1208 delineata
424 1142 592 1230 reperitur,
615 1163 750 1228 sequens
773 1151 892 1224 autem,
915 1142 982 1207 sive
998 1142 1215 1226 quaternionis
1237 1146 1351 1210 ultima
1380 1215 1381 1230 ,

242 1247 373 1334 pagina,
396 1245 437 1312 ab
459 1245 523 1310 alia
543 1268 641 1311 manu
658 1245 805 1332 virgultis
828 1255 925 1332 atque
938 1244 1104 1311 frondibus
1120 1245 1278 1312 distincta
1292 1258 1349 1313 est.

243 1349 395 1418 Secunda
417 1349 538 1440 codicis
552 1371 627 1436 pars
643 1349 706 1414 alia
720 1347 849 1432 quidem
865 1369 947 1413 saec.
965 1347 1046 1412 XII.
1062 1371 1169 1432 manu,
1192 1349 1252 1414 sed
1269 1374 1350 1436 quae

243 1475 307 1517 non
329 1453 464 1518 multum
487 1477 506 1518 a
528 1453 628 1539 priori
649 1453 704 1516 illa
726 1450 843 1534 distat,
870 1459 1001 1515 exarata
1023 1461 1082 1517 est.
1127 1450 1222 1520 Sicut
1243 1456 1351 1540 prima

242 1577 318 1641 para
342 1557 581 1640 quaternionem
594 1575 701 1620 unum
724 1553 864 1620 secunda
885 1575 1011 1639 quoque
1029 1555 1269 1640 complectitur3
1296 1558 1349 1622 fot

245 1660 289 1724 1¹.
312 1657 445 1745 legitur:
484 1657 697 1744 „Paradysus
720 1665 769 1722 est
793 1657 827 1722 in
849 1657 995 1723 orientali
1016 1666 1109 1744 parte
1131 1706 1221 1723 ......
1245 1683 1350 1726 orona

244 1769 276 1826 et
299 1761 410 1826 aliae“.
456 1760 604 1846 Denique
627 1761 659 1826 in
682 1760 777 1827 temio
801 1761 1007 1845 quaternione
1030 1785 1127 1828 manu
1149 1783 1231 1828 saec.
1245 1762 1347 1828 XIII.

244 1864 399 1949 scriptum
427 1864 622 1930 invenimus:
664 1864 744 1949 „De
771 1864 874 1930 tribus
903 1864 1047 1950 partibus
1069 1864 1180 1931 mundi
1203 1853 1346 1934 Orosius,

243 1965 386 2032 Maiores
408 1968 509 2032 nostri
532 1968 642 2033 orbem
745 1968 919 2034 Percensui
941 1967 1081 2036 breviter
1102 1978 1139 2034 ut
1160 1971 1253 2054 potui
1275 1994 1348 2056 pro·

243 2070 359 2134 vintias
382 2079 414 2134 et
435 2070 555 2135 insulas
578 2071 664 2137 orbis
685 2071 856 2137 univorsi“.

330 2172 435 2237 Huius
451 2171 574 2238 codicis
588 2181 714 2259 partem
729 2173 821 2239 nobis
841 2174 1001 2260 excerpsit
1014 2172 1141 2240 Ludov.
1153 2173 1347 2244 Bethmann.

331 2328 361 2394 2.
408 2325 502 2392 Cod.
531 2327 749 2414 Romanus,
779 2328 981 2415 Torquati
1010 2327 1056 2394 de
1082 2327 1200 2394 Rossi
1232 2335 1349 2417 equi-

243 2431 313 2514 tis,
335 2431 549 2498 membranac.
573 2433 607 2498 in
624 2445 749 2519 quarto,
772 2457 855 2500 saec.
872 2432 969 2498 XIV.
986 2455 1027 2497 ex
1042 2431 1161 2498 duobus
1175 2433 1348 2502 codicibus

244 2537 498 2624 conglutinatus,
525 2560 660 2622 quorum
682 2540 771 2625 prior
793 2536 1100 2622 Metamorphoseou
1121 2535 1276 2606 librorum
1302 2565 1348 2606 ar·

242 2647 394 2724 gumenta
417 2641 563 2724 exponit3
587 2642 619 2702 in
643 2642 743 2705 altero
767 2649 873 2711 autem
895 2640 1028 2728 legitur:

328 2740 382 2804 fol.
413 2743 443 2809 9.
489 2740 572 2806 INC
593 2791 600 2806 .
623 2740 931 2810 DESCRIPTIO.
952 2742 1122 2812 TOTIVS
1145 2793 1153 2810 .
1176 2745 1346 2812 MVNDI.

244 2841 458 2924 „Lectionum
568 2843 715 2912 Orcadas
736 2846 856 2912 insulas
878 2847 987 2930 habet,
1011 2871 1146 2932 quarum
1167 2849 1251 2915 XX.
1276 2859 1346 2916 sunt

244 2944 389 3013 desertae
411 2947 511 3014 XIII.
536 2949 692 3016 coluntur.
737 2949 811 3016 Deo
833 2952 954 3038 gratias
977 2954 1101 3016 ameu“.

330 3049 456 3118 Ultima
478 3054 694 3137 quaternionis
716 3055 836 3141 pagina
857 3076 960 3120 vacua
981 3055 1149 3120 remansit:
1173 3067 1346 3142 sequuntur

243 3153 297 3216 alii
326 3156 550 3237 quaterniones
579 3156 643 3222 duo
672 3179 769 3222 manu
797 3156 909 3222 eadem
938 3159 1112 3246 conscripti
1140 3167 1236 3244 atque
1261 3169 1345 3225 ante

242 3254 375 3341 cedens,
410 3282 545 3345 quorum
574 3261 690 3345 prioris
719 3268 827 3325 tamen
856 3260 1044 3327 exciderunt
1071 3263 1182 3327 folium
1210 3264 1345 3349 primum

242 3368 338 3445 atque
365 3363 522 3428 ultimum.
575 3363 664 3426 Inest
693 3361 837 3429 Solinus:
874 3365 1025 3454 „ignoret
1054 3365 1175 3430 aIano
1197 3367 1250 3430 vel
1274 3391 1346 3432 con·

242 3461 309 3525 dita
333 3468 417 3551 [cap.
433 3467 479 3550 H,
496 3470 526 3552 §.
544 3469 574 3531 5.
591 3463 641 3529 ed.
657 3464 804 3556 Bipont.]
907 3470 1037 3536 mitrula
1058 3469 1194 3535 lineatus
1218 3475 1344 3558 caput“.

243 3567 327 3650 [cap.
343 3568 495 3652 XXVII,
520 3571 550 3652 ξ.
568 3571 620 3636 51.
643 3594 718 3659 pag.
737 3573 810 3643 113.
836 3581 915 3640 extr.
940 3571 989 3638 ed.
1013 3573 1159 3660 Bipont.]

330 3666 443 3736 Codex
470 3672 607 3740 fortasse
636 3673 720 3740 hano
749 3677 791 3743 ob
820 3699 949 3743 oausam
979 3700 1020 3741 ex
1049 3677 1206 3763 superiori
1229 3678 1345 3743 descri-

240 3782 315 3860 ptus
339 3783 403 3856 ost,
433 3774 508 3858 quia
537 3777 672 3845 eandem
696 3775 971 3867 Cosmographiae
992 3777 1235 3866 inscriptionem
1257 3803 1345 3868 prae
1380 3807 1381 3874 q

239 3878 317 3960 fert3
352 3902 423 3945 eum
456 3877 577 3966 primus
606 3882 812 3971 investigavit
842 3891 875 3947 et
903 3883 1069 3949 nobiscum
1101 3884 1346 3954 communicavit

240 3979 377 4108 Ludov.·
384 3982 576 4050 Bethmann.

329 4141 358 4205 3.
399 4139 1381 4212 cod.Parisiensisssibliorh.Nationsaoan.

242 4244 338 4302 antea
365 4239 610 4329 Mentellianus‚
645 4246 832 4314 chartaceus
860 4245 894 4310 in
923 4253 1047 4333 quarto.
1104 4247 1178 4314 Iulii
1211 4245 1346 4312 Honorii
