2780 5092
566 465 628 532 179

42 641 173 704 nicam
201 639 376 726 linguas,
405 639 446 703 de
469 660 532 722 qua
554 637 711 722 siquidem
737 636 910 706 Slavonica
931 643 1031 708 nostri
1054 646 1144 732 regni

42 741 175 807 Boemie
197 741 316 806 idioma
338 741 474 828 sumpsit
497 740 663 809 exordium
692 740 940 827 primordialiter
962 754 994 810 et
1016 770 1145 833 proces·
1230 795 1234 806 ,

42 847 89 925 sit,
115 845 253 910 debeant
274 845 389 909 futuris
411 844 609 932 temporibus
633 843 804 927 celebrare,
828 845 870 910 ad
885 847 971 930 quod
987 849 1145 933 siquidem

41 949 268 1012 monasterium
297 947 545 1015 construendum
657 969 754 1030 quam
776 947 954 1034 praefatam
976 954 1145 1036 parochia

43 1052 99 1116 lem
124 1051 293 1117 ecclesiam
325 1053 359 1115 in
395 1049 516 1115 dictum
554 1051 781 1116 monasterium
810 1052 979 1117 claustrale
1009 1063 1041 1118 et
1069 1077 1144 1121 con·

41 1155 188 1220 ventuale
203 1155 259 1220 ‘ad
287 1154 440 1220 honorem
469 1153 551 1237 Dei,
579 1153 825 1239 beatissimeque
853 1155 960 1221 Maris
988 1157 1144 1246 Virginis,

41 1259 150 1326 matris
173 1259 258 1340 eius,
285 1279 329 1322 ac
358 1257 627 1342 gloriosorum
649 1258 855 1344 Ieronymi
877 1259 1045 1345 prefati,
1074 1259 1144 1327 Oi-

40 1363 232 1447 rullique,
255 1358 477 1442 Methudii,
501 1360 716 1426 Adalberti
740 1369 779 1426 et
799 1362 1012 1448 Procopii,
1034 1374 1144 1449 patro-

39 1487 150 1530 nomm
175 1463 255 1528 dicti
277 1463 368 1549 regni
389 1463 538 1546 Boemie,
561 1473 738 1550 martyrum
760 1473 793 1530 et
815 1466 1044 1551 confessorum,
1066 1469 1144 1534 titu-

38 1568 101 1632 lum
133 1577 166 1634 et
195 1568 365 1649 honorem,
397 1567 556 1652 prefatum
586 1567 863 1655 archiepiscopum
892 1571 1082 1654 requirimus
1110 1579 1144 1636 et

38 1669 204 1735 hortamur
232 1677 370 1752 attente,
407 1671 499 1735 iuxta
526 1673 781 1741 commissionem
811 1695 831 1738 a
861 1673 938 1740 sede
967 1676 1144 1762 apostolica

38 1773 102 1835 sibi
125 1772 244 1833 factam
266 1771 364 1858 erigi“
389 1781 450 1837 etc.
468 1783 529 1838 etc.
635 1811 637 1818 ·

131 1871 252 1936 Datum
274 1873 485 1962 Nuremberg,
509 1897 592 1939 anno
615 1874 748 1938 Domini
773 1876 867 1942 1347.
890 1877 1072 1944 IndIctione
1091 1881 1142 1947 15.

38 1974 104 2039 Xl.
121 1973 195 2040 Kal.
212 1975 410 2043 Decembris.
445 1975 632 2064 Regnorum
644 1983 827 2040 nostrorum
846 1999 929 2043 anno
946 1979 1120 2045 secundo“.

127 2167 204 2234 VH.
241 2168 391 2254 Denique
413 2168 526 2236 eadem
548 2169 673 2256 patriae
696 2168 830 2236 caritate
853 2168 943 2235 ducti
958 2167 1145 2236 Oarniolen·

39 2293 99 2355 ses,
122 2295 222 2357 quum
243 2272 415 2341 fundarent
437 2296 519 2341 anno
545 2275 640 2341 1495.
664 2273 893 2342 confessarium
915 2271 1143 2346 sclavonicum

39 2377 317 2463 Aquisgrani-pro
344 2375 521 2460 peregrinis
540 2373 720 2455 Carsiolis,
749 2397 833 2439 earn
861 2376 1144 2444 fundationem

40 2481 303 2566 appellavere
326 2478 366 2542 in
387 2476 577 2560 honorem
596 2472 662 2540 SS.
679 2473 916 2560 Hieronymi
940 2485 978 2540 et
994 2474 1145 2560 cyrilli

40 2592 75 2646 et
96 2578 390 2659 Methodii⁴⁸⁸).
432 2617 434 2622 ·
511 2605 513 2614 ’
603 2626 605 2631 -

125 2683 222 2766 Quae
245 2705 296 2750 res
319 2701 429 2752 omnes
452 2702 532 2764 quas
553 2678 718 2764 hucusque
738 2679 844 2746 animo
861 2677 1144 2765 consideravimus,

39 2809 135 2871 quum
151 2787 263 2852 Ethici
284 2783 468 2872 philosophi
489 2783 624 2869 repertis
646 2805 748 2870 nuper
767 2784 994 2852 confirmentur
1009 2784 1146 2854 elemen-

38 2892 87 2974 tis,
113 2893 156 2956 de
179 2889 427 2975 §.Hieronymo
451 2909 548 2973 quum
571 2887 761 2952 translatore
779 2885 1054 2974 Cosmographiae
1076 2897 1144 2954 tum

37 2994 219 3060 litterarum
242 2990 509 3079 Glagolitioarum
532 2991 560 3054 si
581 3012 645 3054 non
667 2990 849 3072 inventore,
878 2997 914 3052 at
935 2988 1047 3052 saltem
1068 3011 1144 3074 pro·

36 3103 197 3182 pagatore
216 3094 336 3157 diutius
355 3092 500 3174 dubitare
515 3094 601 3164 nullo
618 3090 715 3157 modo
733 3091 995 3177 possumus⁴⁸⁸⁸).
1029 3089 1145 3158 Restat

35 3209 149 3264 tamen
176 3201 213 3257 ut
239 3193 442 3280 paragrapho
471 3195 615 3280 sequenti
644 3194 684 3260 de
712 3196 903 3282 cognatione
929 3218 1035 3282 pauca
1063 3195 1145 3261 adii-

38 3305 180 3381 ciamus,
210 3319 292 3382 qnae
320 3298 404 3362 inter
431 3299 586 3364 elementa
607 3297 805 3386 Glagolitica
828 3307 861 3364 et
882 3297 1068 3386 Cyrillizam
1096 3301 1144 3368 in·

39 3401 186 3470 tercedit.
1006 3409 1008 3416 ’

107 3580 178 3644 488)
197 3583 242 3632 cfr.
257 3585 411 3647 „Evangelia
427 3581 542 3634 Slavice“
562 3589 609 3631 etc.
629 3585 712 3632 edidd.
729 3586 749 3633 Ι.
763 3585 794 3632 Β.
809 3582 927 3634 Silvestre
945 3591 971 3634 et
987 3585 1019 3634 B.
1028 3585 1145 3648 Kopitsr.
1252 3623 1264 3647 0

40 3670 155 3720 Lutatiae
173 3669 329 3720 Parisiorum
349 3667 426 3718 ists.
453 3665 496 3716 4⁰.
523 3681 581 3730 pag.
593 3665 664 3715 XIII.
682 3669 750 3716 med.

109 3751 198 3816 Issa)
218 3757 264 3804 His
286 3755 349 3818 ipsis
365 3755 455 3802 diebus
477 3754 543 3801 Lud.
558 3753 703 3800 Bethmann
720 3753 810 3803 litteris
827 3768 870 3804 me
887 3756 1022 3808 certiorem
1040 3755 1102 3802 feeit
1117 3757 1145 3802 in

40 3845 94 3892 eod.
119 3841 231 3906 quodem
254 3839 328 3889 MSS.
346 3838 468 3886 Biblioth.
485 3838 575 3900 Regin,
593 3836 691 3886 Sneeic.
715 3838 780 3900 sign.
799 3837 875 3887 1573.
900 3853 967 3888 saec.
984 3839 1030 3886 XI.
1053 3839 1146 3886 libram

42 3937 124 3980 extare
148 3929 197 3977 hae
218 3925 397 3988 inscriptione:
421 3923 491 3981 „Ine
514 3905 577 3970 ordo
599 3923 689 3972 solaris
706 3924 771 3971 anni
794 3937 852 3972 cnm
868 3923 959 3970 litteris
978 3935 993 3970 a
1011 3919 1036 3971 S.
1055 3922 1146 3972 Hiero·
1192 3925 1197 3936 ¹

42 4029 114 4077 nymo
134 4013 301 4078 superpositis
320 4011 353 4060 ad
371 4008 555 4073 explorandum
572 4007 599 4056 in
618 4022 648 4058 eo
666 4023 713 4072 per
731 4009 871 4069 septimane
884 4007 938 4055 dies
950 4007 1025 4056 lunae
1037 4013 1147 4058 aetatem

42 4103 132 4151 cotidie
151 4115 198 4163 per
213 4099 315 4148 XVIIII
332 4093 439 4146 annos“.
467 4093 524 4144 Hoc
541 4100 628 4144 autem
644 4093 710 4142 libro
729 4092 853 4142 contineri
869 4091 972 4154 scripsit
990 4105 1067 4153 quum
1084 4094 1146 4144 alias

41 4182 135 4235 litteras
153 4183 255 4244 multas,
273 4192 327 4232 turn
345 4183 452 4246 apices
466 4178 672 4231 sclavonicos
691 4190 820 4226 numero
838 4175 974 4240 2i‚'quos
992 4179 1069 4228 etism
1081 4195 1147 4230 mar·

42 4271 91 4329 gini
110 4271 155 4320 fol.
167 4266 227 4319 62¹.
242 4269 383 4330 adscriptos
402 4281 458 4318 esse
477 4257 594 4316 irffirmet.
830 4297 833 4306 .

878 4345 918 4411 12
930 4343 945 4374 ⁴*
