2784 5106
756 503 800 571 48

228 679 485 766 Descriptionem
507 678 595 744 urbis
617 676 751 760 Romae,
778 677 914 760 denique
936 675 1139 741 Itinererium
1163 678 1337 765 Antonini,

228 789 261 847 et
287 783 411 847 ratione
441 779 577 865 quidem
597 803 695 867 supra
716 786 910 861 memorata,
936 778 970 842 in
991 801 1090 844 unum
1112 780 1336 864 coniimdunt3

226 883 261 950 id
290 883 376 969 quod
405 883 448 949 ab
475 890 606 948 auctore
632 885 748 949 tertiae
773 881 967 948 recensionis
987 882 1058 967 ipso
1079 883 1128 947 ite
1147 884 1335 952 institutum

226 988 323 1054 fixisse
350 987 519 1053 credimus.
574 983 676 1052 Cuius
702 986 842 1052 familiae
869 1007 952 1050 unus
979 993 1104 1050 tentum
1133 985 1218 1052 liber
1246 991 1335 1056 vices

226 1095 406 1177 temporum
429 1089 552 1176 effugit,
575 1089 713 1154 scilicet:

323 1193 461 1260 Codex
492 1191 791 1276 Neapolitanus
825 1190 1080 1258 Borbonicus
1115 1190 1333 1262 CLXXII.

229 1298 343 1382 (bis),
365 1297 432 1363 IV.
456 1296 499 1360 D.
524 1297 583 1364 22.
610 1295 669 1362 bis.
700 1295 888 1360 chartaceus
913 1295 949 1358 ‘in
976 1296 1070 1378 folio,
1100 1307 1254 1364 accurate
1277 1301 1334 1366 sed

226 1425 289 1468 non
305 1425 370 1466 nna
383 1401 641 1486 manuscriptus.
670 1397 869 1484 Compactus
885 1407 988 1464 estex
1004 1399 1128 1466 duobus
1141 1399 1321 1471 codicibus.

319 1505 449 1587 Insunt,
479 1527 576 1569 manu
605 1525 688 1568 suec.
706 1502 785 1567 XV.
816 1510 948 1568 exarata
969 1501 996 1567 Ι.
1025 1504 1080 1569 fol.
1100 1505 1128 1570 1.
1151 1505 1333 1574 Pseudo·

226 1606 395 1674 Aethici
417 1604 752 1694 Gosmogrephia,
781 1627 862 1689 quae
890 1607 1018 1692 incipit:
1059 1607 1166 1690 „Ine
1196 1609 1332 1676 Itine-

225 1711 374 1776 rarium
402 1710 532 1775 totius
556 1709 667 1776 orbis
691 1709 850 1774 deloco
873 1708 921 1776 ed
943 1711 1074 1775 locum
1097 1720 1136 1775 et
1159 1711 1203 1776 de
1225 1714 1331 1777 civi-

170 1841 172 1852 *
224 1823 310 1881 tete
330 1813 383 1879 ¹ad
413 1813 625 1878 civitatem
657 1811 861 1878 dimensus
892 1837 912 1877 a
941 1814 1203 1880 senatoribus
1229 1838 1331 1901 pru-

226 1917 417 1986 dentibus
439 1917 556 2000 viris,
573 1916 839 2003 compositum
861 1939 882 1982 e
897 1914 1239 2002 G.IulioOesare‚
1261 1923 1331 2004 qui

225 2023 377 2110 primus
404 2022 614 2107 imperium
643 2020 802 2104 hebuit,
837 2029 881 2086 et
909 2021 1097 2106 pervenit
1123 2045 1252 2106 usque
1283 2023 1332 2089 ad

225 2124 496 2191 Octavianum
525 2125 761 2210 Augustum.
818 2123 1037 2206 „Lectionum
1069 2125 1218 2212 pervigili
1252 2149 1333 2193 cura

225 2229 437 2313 componimus
455 2273 480 2291 ..
491 2275 515 2290 ..
527 2247 658 2290 munere
679 2227 862 2292 instructos.
893 2226 963 2292 IN.
981 2226 1196 2311 QVANTO.
1210 2229 1332 2297 TEM-

223 2323 1332 2402 PORII.TOTVS.ORBIS.HABITABILIS.PRRAGRARI.

223 2433 413 2502 POTEST.
461 2437 494 2501 A
517 2421 603 2500 don-s
629 2442 735 2499 autem
752 2434 779 2499 Ι.
796 2433 945 2500 Caesaris
966 2457 1065 2520 usque
1086 2432 1126 2498 cd
1147 2421 1234 2500 eti—ns.
1262 2437 1334 2504 Sar

222 2539 294 2604 roni
309 2546 342 2604 ct
354 2535 434 2603 Oine
451 2561 471 2602 a
482 2538 556 2603 Poii
571 2539 667 2603 clima
682 2537 773 2624 (sici)
789 2538 965 2604 meridiana
979 2561 1055 2623 pers
1073 2538 1214 2604 dimensa
1229 2549 1281 2606 est
1300 2565 1332 2608 a.

223 2645 277 2711 22.
292 2663 401 2706 mense
421 2644 448 2708 1.
472 2640 585 2706 diebus
601 2643 654 2709 20.
677 2641 761 2706 sicut
782 2642 912 2708 definita
926 2641 1168 2708 demonstretur.
1204 2646 1259 2710 Ac
1282 2648 1333 2711 sic

223 2745 327 2810 omnis
349 2744 436 2809 orbis
456 2751 560 2806 terrae
581 2744 667 2806 intra
689 2766 789 2810 annos
804 2747 900 2812 22.'a
922 2745 1152 2814 dimensoribus
1174 2770 1331 2837 peragra-

222 2856 275 2912 tus
298 2854 356 2929 est,
380 2843 473 2910 etde
496 2845 582 2909 omni
605 2846 672 2912 eius
695 2849 891 2914 continentie
913 2848 954 2914 ad
970 2849 1126 2916 Senatum
1149 2862 1198 2916 est
1220 2855 1329 2938 perla-

222 2960 307 3028 tum„
328 2946 607 3017 OPPIDORVM
620 2999 627 3014 .
642 2949 862 3018 RLVVIVM
877 2953 968 3035 (sici)
980 2953 1043 3018 ET
1058 3004 1065 3018 .
1082 2953 1328 3022 GRNTIVM.
1372 3029 1373 3032 Ἴ

222 3052 503 3124 DESCRIPTIO
525 3103 532 3118 .
556 3051 726 3120 TOTIVS
749 3101 757 3117 .
781 3052 943 3124 ORBIS.
964 3056 1158 3124 MARIVM
1174 3109 1182 3122 .
1197 3057 1328 3128 INSV-

221 3157 410 3222 LARVM.
423 3155 667 3224 MONTIVM.
679 3155 1053 3228 PROVINCIARVM.
1092 3162 1203 3228 Habet
1218 3173 1327 3228 eutem

221 3260 324 3327 omnis
347 3261 456 3326 oceani
480 3261 593 3326 orbis“
617 3270 678 3326 etc.
788 3285 890 3346 „pree
917 3264 1179 3332 interiacentibus
1210 3270 1328 3332 eremis
1372 3247 1373 3270 i

220 3373 363 3449 possunt.
414 3364 479 3430 DE
502 3413 509 3428 .
532 3362 826 3430 DISTANTHS.
850 3363 988 3436 ORBIS
1010 3418 1018 3434 .
1039 3369 1090 3434 IN
1107 3420 1114 3434 .
1131 3369 1190 3436 AS
1214 3420 1222 3433 .
1247 3371 1329 3436 RV·

220 3465 312 3532 ROP
329 3516 336 3531 .
353 3469 413 3531 ΕΤ
433 3517 440 3532 .
458 3463 610 3532 ARRIC.
656 3465 750 3554 Hanc
773 3469 1067 3560 quadripartitem“
1093 3483 1152 3538 etc.
1176 3523 1326 3540 .........

221 3569 459 3655 „magnitudine
486 3567 625 3634 celebres
647 3568 814 3640 habentur.
861 3577 905 3641 Rt
930 3578 1079 3662 quoniam
1102 3577 1326 3644 universarum

218 3672 307 3738 urbis
337 3671 437 3756 (sici)
469 3667 573 3757 spatia
602 3674 653 3739 vel
681 3675 855 3744 insularum
885 3678 1141 3763 descripsimus.
1166 3703 1252 3746 nunc
1285 3683 1327 3747 ad

218 3778 370 3844 maiorem
393 3774 671 3846 demonstrationis
694 3783 911 3863 structionem,
933 3780 1139 3866 inquantum
1154 3785 1324 3871 vigilantis

217 3893 327 3949 nostra
342 3881 533 3968 investigere
548 3883 665 3968 potuit,
687 3883 922 3967 demonstrabo,
945 3907 984 3950 ex
1000 3895 1111 3953 eterne
1123 3887 1203 3952 urbe
1216 3887 1324 3954 Rome

217 3983 342 4050 initium
372 4009 514 4068 summm,
543 4008 625 4071 quae
652 3995 751 4070 ¹caput
779 3993 828 4049 est
856 3987 942 4052 orbis
970 3997 1004 4052 et
1026 3987 1156 4053 domina
1177 4001 1322 4058 senatus.

216 4083 343 4150 EXPL
365 4138 372 4152 .
396 4087 676 4158 DESCRIPTIO
700 4140 707 4152 .
731 4086 867 4154 ORBIS
890 4138 898 4152 .
922 4089 1218 4157 TRIPARTITI.
1242 4094 1324 4159 DE-

217 4184 430 4256 SCRIPTIO
454 4242 461 4256 .
479 4193 616 4281 VRRIS
639 4243 646 4260 .
667 4189 858 4259 ROMAE..
876 4191 937 4261 ΕΤ
954 4240 961 4259 .
979 4193 1322 4265 STRVOTIONIS.

215 4287 489 4356 INCHOATIO.
539 4298 612 4376 „Ab
635 4297 726 4361 Rnea
747 4295 893 4363 Troiano
911 4297 996 4382 quod
1021 4297 1120 4368 hebet
1141 4301 1322 4368 exordium.
