2780 5092
757 461 820 530 150

239 653 313 698 non
334 633 533 720 legant‘k
481 636 520 670 “⁸
567 632 677 698 Locus
699 641 807 700 tamen
828 635 882 700 ille
903 635 936 700 in
952 631 1209 723 Cosmographia
1229 636 1334 703 Etbici

239 734 334 802 hodie
355 759 420 800 non
441 743 541 800 extat.
760 753 769 788 t

327 839 442 904 Tantis
469 839 569 925 igitur
598 839 792 926 argumentis
821 847 853 906 et
883 839 1037 906 librorum
1065 791 1171 910 MSS
1199 842 1335 908 omnium

239 939 334 1005 simul
362 942 546 1007 auctoritati
574 943 771 1026 insistentes,
803 940 1090 1031 Cosmographiam
1117 943 1229 1010 Ethiei
1257 965 1276 1010 a
1303 944 1336 1012 S.

239 1041 508 1130 Hieronymct
468 1045 675 1114 Stridonense
704 1048 789 1112 intra
815 1069 915 1112 annos
945 1047 1020 1114 396
1050 1045 1338 1133 caesapon.

239 1145 333 1312 Rimin
360 1147 543 1214 Palaestina
571 1158 667 1234 atque
699 1149 889 1216 Bethlehem
923 1150 1110 1216 translatam
1142 1150 1239 1216 fuisse
1273 1173 1340 1216 cre-

306 1272 354 1316 us.

328 1350 421 1434 Quae
442 1379 494 1422 res
514 1365 551 1422 ut
574 1380 612 1422 eo
633 1358 737 1445 magis
760 1356 965 1424 confirmetur
986 1356 1130 1440 sequenti
1151 1353 1257 1442 capite
1279 1355 1342 1420 iam

239 1474 324 1519 nova
345 1468 534 1545 argumenta
555 1459 744 1526 adducenda
765 1469 847 1526 sunt

690 1799 890 1808 ..ν-..Μ-

630 2119 852 2235 CAPVT
887 2119 948 2232 ll.

386 2311 450 2378 DE
472 2309 689 2382 LITTERIS
711 2309 875 2381 ETHIOI
895 2307 1193 2379 PHILOSOPHI.

263 2480 283 2536 '›
326 2480 466 2550 Sanctus
494 2483 711 2574 Hieronymus
739 2487 773 2550 in
801 2481 1059 2572 Oosrnographia
1085 2507 1149 2551 non
1177 2507 1240 2552 uno
1268 2488 1343 2553 loco

177 2633 180 2638 -
241 2585 281 2651 de
306 2586 423 2653 litteris
450 2587 593 2674 disputat
622 2610 702 2674 quas
731 2587 772 2653 ab
794 2587 913 2653 Ethico
942 2588 1185 2654 inventasesse
1208 2588 1288 2654 dicit
1310 2599 1345 2655 et

241 2688 429 2775 dispositas,
452 2691 576 2756 scilicet
596 2714 671 2779 pag.
689 2694 764 2761 500.
787 2691 894 2755 initio:
923 2689 1013 2770 „Sua
1039 2691 1101 2756 sibi
1129 2690 1215 2756 idem
1237 2691 1346 2777 philo-

240 2790 360 2876 sophus
382 2794 574 2866 auctoritate
595 2795 740 2879 praelata
761 2793 851 2876 quasi
874 2813 982 2856 omnes
1005 2792 1196 2861 assertiones
1217 2796 1286 2859 eius
1311 2795 1346 2858 in

241 2895 365 2960 cunctis
380 2894 545 2962 codicibus
566 2897 637 2981 quis
659 2894 775 2960 audeat
794 2892 998 2958 eatretinere
1019 2901 1076 2956 aut
1092 2893 1238 2974 credere3
1264 2898 1346 2962 ista·

241 3020 303 3083 que
326 3021 345 3062 a
366 2999 460 3065 nobis
480 3000 514 3063 in
534 3008 696 3065 momento
717 2996 766 3062 vel
789 2993 909 3081 passim
933 2993 1002 3059 eius
1022 2994 1138 3060 litteris
1158 2994 1192 3060 in
1214 2995 1348 3063 brevia-

240 3099 323 3163 rium
351 3099 596 3189 divulgavimus.
641 3101 699 3166 Ille
722 3106 875 3183 exparte
896 3095 1063 3184 gentilium
1084 3098 1208 3166 litteras
1231 3101 1347 3184 expla-

240 3221 316 3266 nare
337 3202 435 3268 nimio
458 3206 618 3292 enigmate
643 3209 826 3284 contentus,
856 3222 897 3264 ex
923 3208 1017 3286 parte
1045 3205 1178 3288 'graecas
1200 3201 1346 3288 syllabas

241 3305 366 3389 elicuit,
398 3309 502 3396 magis
529 3309 659 3373 imo'ac
688 3303 791 3391 magis
812 3303 913 3369 latina
940 3303 1092 3389 prosodia
1119 3305 1248 3392 posuit“
1281 3314 1343 3370 etc.

240 3405 367 3474 Deinde
388 3431 462 3498 pag.
479 3413 559 3493 502,
582 3412 619 3475 4:
651 3407 752 3490 „llius
781 3406 962 3473 abecedarii
983 3409 1017 3472 in
1039 3408 1184 3492 sequenti
1209 3406 1344 3474 charac-

239 3515 323 3574 teres
343 3514 534 3596 notavimus,
557 3511 644 3597 quod
664 3510 783 3576 suauis
804 3509 1042 3578 characteribus
1062 3511 1243 3576 nullatenus
1266 3533 1342 3576 con-

239 3611 337 3693 venit,
352 3615 410 3678 sed
424 3613 593 3698 hebraicis,
615 3613 741 3704 graecis
754 3623 788 3680 et
800 3615 921 3697 latinis,
935 3613 1120 3698 chaldaicis,
1134 3613 1229 3700 syriis
1244 3621 1342 3697 atque

240 3715 415 3801 aegyptiis,
443 3739 524 3800 quae
546 3717 640 3785 nobis
662 3741 703 3784 ex
725 3726 817 3804 parte
839 3717 944 3781 vicina
964 3724 1053 3797 sunt;
1076 3717 1131 3782 hie
1151 3739 1228 3782 vcro
1250 3737 1338 3782 suern

239 3815 464 3884 litterationem
486 3827 519 3884 et
540 3820 834 3908 interpretationem
862 3819 945 3884 inter
973 3820 1113 3904 reliquos
1133 3817 1339 3906 philosophos

239 3943 297 4004 per
318 3930 419 3987 semet
439 3922 546 4009 ipsum
567 3925 656 3992 nisus
677 3931 736 4006 est,
759 3945 840 4008 quae
863 3922 962 4006 aliqui
984 3930 1017 3987 et
1039 3922 1244 4007 quamplures
1264 3940 1339 4010 gen·

240 4023 344 4090 tilium
363 4025 538 4114 scriptores
559 4028 593 4093 in
616 4049 691 4094 usus
712 4026 817 4090 varios
840 4024 998 4105 scribunt,
1020 4023 1136 4088 lineam
1158 4023 1191 4088 in
1215 4021 1341 4090 diversa

241 4133 428 4208 ponentes“.
473 4129 622 4217 Denique
650 4151 723 4216 pag.
747 4129 828 4208 511,
857 4148 887 4188 v.
904 4129 923 4192 5
940 4145 1026 4210 sqq:
1060 4126 1192 4212 „Ipsum
1215 4143 1340 4214 quoque

240 4246 368 4293 carmen
397 4232 515 4298 talibus
541 4229 780 4298 characteribus
801 4226 964 4310 distinxit,
992 4240 1029 4294 ut
1050 4230 1155 4298 nullus
1177 4230 1342 4298 hominum
