2784 5106
570 479 610 548 59

38 655 134 720 hrum
157 652 244 718 dono
264 651 393 718 librario
415 651 561 718 llcclesie
582 650 766 735 Remensis,
789 675 883 738 quem
905 675 964 739 pro
987 676 1026 719 ea
1048 650 1147 718 scribi

37 758 113 824 feci.
161 755 326 843 Scriptum
346 778 445 822 manu
466 756 599 843 propria
620 753 815 823 Constancie
835 756 869 822 in
890 756 1025 822 concilio
1048 777 1146 842 gene-

37 862 120 945 rali,
149 883 231 928 anno
254 860 386 942 Domini
412 859 579 932 millesimo
604 855 725 924 CCCC
745 857 868 942 XVII,
891 858 942 924 die
965 857 1067 943 prima
1088 881 1146 924 no-

38 963 211 1030 vembris“.
250 962 405 1050 Sequitur
425 964 583 1048 praefatio
607 962 789 1036 Cardinalis
812 960 966 1028 Guilelmi
988 959 1151 1029 Fillastris

38 1069 102 1132 ita:
140 1065 369 1151 „Guillelmus,
391 1067 477 1134 tituli
500 1067 612 1134 Sancti
635 1067 742 1132 Marci
765 1063 965 1148 CardinaliS,
995 1061 1071 1126 olim
1094 1061 1148 1126 dc

39 1193 142 1236 carrus
168 1160 355 1251 Remensis,
385 1169 619 1238 venerabilibus
646 1170 799 1236 fratribus
829 1167 969 1256 capitulo
998 1163 1149 1231 Remensi

39 1274 189 1356 salutem,
213 1281 246 1340 et
267 1271 384 1338 librum
401 1269 569 1340 Remensis
590 1273 736 1338 Ecclesie
757 1271 887 1337 libraria
908 1271 1054 1336 dicatum
1076 1267 1149 1333 mit·

39 1377 92 1441 tit.
140 1373 348 1442 Prohemium
371 1375 559 1443 mittentis“.
1047 1376 1050 1386 '

131 1479 263 1545 Insunt:
286 1479 486 1566 Pomponius
501 1478 606 1559 Mela;
623 1517 663 1526 -
679 1471 1033 1544 Pseudo-Aethici
1049 1471 1149 1539 Cos-

40 1581 285 1671 mographia
310 1580 364 1647 fol.
388 1583 439 1650 69.
459 1593 528 1668 sqq.
560 1605 642 1667 quae
663 1578 791 1669 incipit:
827 1580 874 1646 In
897 1579 1054 1648 nomine
1074 1577 1154 1654 Dei

41 1685 193 1752 summi.
239 1684 395 1772 Incipit
423 1682 742 1774 Connographia
776 1685 864 1751 alca
892 1690 986 1750 eunt
1014 1681 1149 1749 Itine-

39 1789 167 1854 rariis
196 1797 236 1855 et
263 1788 452 1874 portibus
482 1798 521 1854 et
549 1813 595 1854 ex
623 1789 802 1855 fastibus
824 1787 1088 1856 Romanorum
1111 1795 1150 1852 et

40 1893 302 1960 consulorum
330 1892 561 1960 nominibus
588 1901 628 1959 et
656 1892 833 1960 diversis
867 1893 980 1956 facta
1007 1898 1151 1958 aucto-

40 1998 167 2062 ritate
183 1995 365 2064 'Senatus
381 1992 528 2062 Cesare
550 1995 805 2064 decernente.
843 1993 1058 2078 „Lectionum
1079 2015 1153 2079 per-

42 2099 134 2188 vigili
157 2093 235 2167 cura
256 2099 491 2186 comperimus“
515 2107 577 2166 etc.
592 2101 647 2183 ¹⁸⁰)
671 2145 784 2164 .......
814 2097 886 2182 „Et
908 2089 1059 2184 quoniam
1082 2096 1153 2161 uni-

43 2227 137 2270 versa
158 2212 316 2270 terrarum
331 2203 418 2270 orbis
433 2205 538 2292 spatia
551 2205 603 2271 vel
617 2195 1046 2290 insularumdescripsimus,
1067 2221 1153 2268 nunc

12 2359 16 2364 .
44 2306 85 2372 ad
107 2308 262 2373 maiorem
286 2307 574 2377 demonstrationis·
587 2309 808 2391 structionem,
833 2308 867 2372 in
890 2315 1046 2391 quantum
1069 2304 1154 2392 vigi-

43 2411 144 2476 lantia
171 2420 284 2476 nostra
309 2411 503 2496 investigare
528 2411 656 2493 potuit,
683 2411 836 2476 itinera
865 2418 904 2473 et
925 2403 1152 2472 distantias

44 2513 292 2593 demonstrabo,
314 2533 355 2576 ex
378 2519 508 2576 aeterna
528 2511 607 2574 urbe
626 2509 733 2573 Roma
754 2499 880 2571 initium
897 2503 1048 2589 ¹sumens,
1070 2531 1156 2590 quae

46 2623 148 2702 eaput
176 2622 226 2680 est
254 2613 340 2679 orbis
369 2621 402 2678 et
429 2611 558 2678 domina
586 2609 818 2694 senatus“¹⁸¹).
870 2609 1067 2697 Explicit·
1086 2609 1154 2676 de-

47 2717 223 2809 scriptio
247 2717 374 2783 totius
401 2715 511 2782 orbis
539 2714 755 2803 tripertiti.
801 2712 956 2800 Incipit
977 2713 1153 2782 Itinera-

48 2825 148 2889 rium
171 2822 343 2889 Antonii
365 2821 545 2908 Augusti
566 2819 782 2910 provincie
804 2817 957 2884 Africo.

134 2927 175 2992 In
197 2927 261 2993 fine
282 2926 355 2991 libri
379 2926 469 3010 „Hic
493 2925 688 3004 cathenatus
706 2924 774 2990 122.
795 2920 904 3006 aprilis
927 2944 1010 2986 anno
1036 2921 1153 2988 1418ss

51 3031 174 3096 scilicet
200 3053 241 3096 ex
267 3054 357 3096 more
371 3017 550 3096 ¹'notissimo
576 3036 690 3093 catena
712 3025 754 3091 ad
775 3023 989 3089 bibliothecae
1012 3021 1156 3088 tabulam

50 3141 127 3198 tunc
149 3125 319 3220 adligatis.
350 3132 583 3198 Desiderantur
604 3132 638 3194 in
661 3127 773 3194 codice
794 3127 905 3194 nostro
919 3127 973 3193 fol.
994 3127 1046 3212 12,
1069 3125 1156 3212 quod

49 3237 187 3301 fortasse
215 3237 311 3300 finem
340 3235 524 3301 continebat
553 3233 744 3321 „Prooemii
771 3231 967 3316 mittentis“,
983 3274 987 3282 -
1002 3253 1061 3298 nce
1088 3248 1156 3296 'non

51 3340 104 3406 fol.
123 3340 176 3409 66.
202 3339 254 3408 67.
278 3336 331 3406 68.
519 3417 530 3436 ,
857 3391 859 3398 .
902 3394 906 3402 .
944 3353 966 3404 .’

141 3441 441 3510 Consentit.autem
463 3440 554 3524 liber,
575 3442 610 3508 id
627 3442 801 3528 quodiam
821 3463 870 3511 ea
884 3462 926 3506 ex
946 3462 982 3506 re
1004 3436 1156 3525 colligen-

54 3545 129 3612 dum
151 3555 212 3630 est,
235 3544 323 3631 quod
343 3544 481 3631 Didymi
503 3565 618 3610 nomen
640 3546 769 3630 excidit,
792 3567 866 3614 cum
889 3543 962 3614 cod.¹
982 3543 1157 3610 Parisiecsi

55 3651 151 3720 4807.
181 3674 223 3718 ex
248 3673 313 3736 quo
335 3649 407 3736 ipso
429 3647 610 3735 descriptus
632 3657 690 3714 est
735 3650 870 3719 Errasse
892 3643 1001 3716 autem
1022 3647 1158 3714 D'Ave·

56 3756 196 3838 aecium,
232 3755 287 3840 qui
316 3778 357 3822 ex
378 3751 623 3823 vindobonensi
654 3751 725 3820 181.
755 3756 950 3844 exscriptum
978 3751 1077 3818 titisse
1098 3773 1159 3836 pu-

56 3865 104 3922 tat
117 3860 184 3942 ¹⁸²),
207 3859 349 3942 sequitur
371 3880 411 3923 ex
432 3858 559 3927 nomine
581 3857 700 3925 omisso
723 3855 867 3943 Didymi.

60 3984 253 3994 Ἣ

128 4037 194 4102 180)
220 4041 290 4095 Haec
319 4055 419 4090 mecum
447 4039 641 4090 communicavit
670 4039 763 4091 Christ
781 4037 903 4093 Peterson
916 4037 1061 4111 ¹Professor
1081 4037 1158 4090 Ham-

60 4124 196 4191 burgcnsis.
836 4123 852 4150 ”
882 4143 885 4150 ’
924 4140 930 4150 ’
973 4141 977 4150 ·

129 4212 196 4275 tat)
213 4213 262 4263 cfr.
280 4214 421 4264 D’Avazac.
440 4215 456 4264 l.
470 4229 492 4264 c.
511 4195 642 4278 pags803.
763 4249 767 4254 .

130 4298 195 4362 182)
215 4300 356 4350 D’Avczac.
375 4301 391 4350 l.
405 4316 426 4350 c.
445 4317 503 4365 pag.
517 4299 577 4352 298.
591 4301 643 4350 init.
