2800 5088
764 461 808 530 64

233 640 274 707 rii
298 638 411 728 primis
438 638 545 706 verbis
573 659 614 704 ex
643 634 820 722 archetypo
848 632 1051 717 exciderant,
1081 673 1123 683 -
1152 635 1244 721 quod
1269 646 1336 704 ante

233 743 395 810 saeculnm
416 739 496 807 XV.
525 741 654 808 videtur
682 739 839 806 accidisse
868 777 910 787 —-
935 736 996 804 hos
1018 746 1142 826 septem
1163 739 1269 806 libros
1291 766 1335 807 or·

233 845 300 911 dini
327 844 468 912 secundo
496 845 737 934 assignavimus.
782 843 836 909 Ex
862 863 973 908 eorum
995 865 1071 934 vero
1093 863 1229 909 numero
1254 846 1333 930 prio
1381 902 1382 956 1

232 972 284 1017 res
297 949 360 1016 111.
380 971 479 1034 quum
502 947 615 1015 cadem
635 969 719 1033 quae
734 943 895 1033 Spirensis
918 943 1022 1012 codex
1043 946 1165 1032 scripta
1185 945 1333 1032 habeant,

233 1052 274 1120 ab
302 1053 373 1120 aliis
400 1060 537 1138 quatuor
564 1048 757 1139 segregandi
784 1057 874 1132 sunt,
902 1049 958 1134 qui
985 1050 1100 1118 seriem
1126 1049 1217 1121 illam
1238 1053 1334 1140 negli-

232 1166 345 1246 gentes
367 1164 400 1222 et
420 1179 506 1222 nova
526 1155 590 1222 alio
611 1154 700 1223 fonte
721 1151 838 1220 hausta
852 1150 986 1236 addunt,
1008 1175 1149 1220 necnon
1164 1153 1230 1220 alia
1243 1157 1334 1241 plane

231 1260 500 1347 praetermittunt
1208 1281 1214 1290 “

320 1363 466 1430 Tertiam
493 1361 630 1448 denique
653 1361 853 1428 constituunt
874 1360 1008 1426 classem
1029 1359 1105 1426 libri
1124 1363 1331 1449 manuscripti

232 1475 310 1552 tres,
332 1468 388 1552 qui
410 1467 527 1535 amissa
547 1467 675 1532 iamiam
697 1465 819 1532 codicis
840 1461 1002 1550 Spirensis
1023 1473 1116 1551 parte
1138 1465 1239 1532 altera
1261 1489 1333 1534 con-

233 1571 310 1636 fecti
333 1579 421 1652 sunt;
443 1571 548 1656 iisque
569 1568 667 1634 alium
689 1567 834 1634 codicem
857 1566 1030 1634 adiecimus
1046 1569 1113 1654 qui,
1136 1569 1281 1654 quamvis
1297 1593 1333 1636 ex

233 1673 379 1762 Spirensi
399 1674 481 1741 libro
503 1696 568 1740 non
590 1681 720 1740 exortus
742 1669 907 1755 videatur,
933 1679 1042 1742 tamem
1069 1693 1143 1768 cum
1166 1672 1224 1738 alio
1244 1674 1335 1740 nullo
1383 1718 1384 1778 p

233 1779 372 1848 arctiore
393 1778 584 1866 cognatione
606 1785 656 1844 est
677 1776 876 1843 coniunctus.

321 1881 438 1949 Restat
465 1889 503 1947 ut
529 1903 636 1968 pauca
660 1879 830 1946 afferamus
853 1877 894 1945 de
915 1885 1060 1965 tempore
1082 1901 1147 1964 qno
1169 1887 1261 1948 vetus
1283 1881 1333 1948 ille

232 1986 314 2054 liber
336 1995 486 2060 exaratus
509 1986 560 2053 sit.

321 2089 368 2154 Et
388 2091 494 2176 primo
516 2087 646 2171 quidem
668 2095 792 2153 cernua
820 2094 888 2171 est,
916 2085 1076 2180 conscribi
1097 2108 1170 2154 eum
1192 2107 1257 2154 non
1278 2113 1335 2177 po-
1384 2124 1385 2218 p

232 2191 332 2258 tuisse
354 2197 429 2256 aute
451 2211 568 2256 annum
582 2189 660 2272 825,
682 2211 780 2273 quum
801 2188 857 2256 illo
880 2211 964 2255 anno
978 2189 1126 2258 Dicuilus
1147 2211 1229 2276 opus
1244 2216 1336 2260 suum
1384 2221 1385 2280 3

232 2293 267 2358 in
287 2291 446 2360 Hibernia
467 2291 697 2378 composuerit:
721 2289 837 2358 deinde
858 2315 935 2358 vero
958 2293 987 2361 si
1008 2292 1151 2362 codicem
1169 2293 1339 2364 Dresden-
1384 2287 1385 2304 ¹

233 2418 316 2481 sem,
346 2393 387 2462 de
416 2417 481 2483 quo
508 2395 592 2462 infra
620 2393 853 2482 disputabitur,
881 2419 922 2463 ex
948 2395 1031 2462 libro
1055 2404 1161 2464 nostro
1182 2396 1339 2468 haustum

233 2523 302 2568 esse
324 2499 497 2585 credimus,
517 2498 606 2566 haud
627 2523 703 2568 sane
726 2498 851 2566 decimo
874 2499 1002 2568 saeculo
1026 2509 1159 2570 exeunte
1174 2502 1340 2570 recentior

232 2605 304 2672 fuit.
349 2603 417 2672 Sed
437 2606 574 2671 fortasse
596 2603 718 2670 codicis
744 2610 884 2670 aetatem
906 2605 1088 2672 accuratius
1109 2603 1240 2672 definire
1262 2630 1339 2693 pos·

233 2728 353 2773 sumus
398 2704 512 2788 Quum,
537 2706 622 2772 enim
644 2713 794 2772 exaratus
815 2706 859 2772 sit
881 2705 1042 2794 Spirensis
1063 2707 1144 2776 liber
1166 2707 1209 2776 ad
1230 2731 1339 2778 exem-
1385 2725 1386 2788 l

232 2809 304 2896 pler
331 2807 479 2874 codicum
508 2807 565 2893 qui
591 2807 667 2874 iam.
688 2807 729 2874 B.
757 2809 934 2886 secrmdum
960 2810 1105 2878 ordinem
1127 2814 1338 2899 constituunt,
1385 2789 1386 2852 i

232 2911 268 2977 id
287 2909 376 2998 quod
398 2909 562 2982 evidenter
584 2909 836 2980 demonstratum
858 2922 919 2998 est,
945 2913 1009 2980 duo
1031 2925 1157 2984 tantum
1178 2917 1253 2985 libri
1275 2917 1337 2985 boe

232 3015 304 3082 loco
332 3015 529 3083 memorandi
558 3023 650 3100 sunt,
677 3016 867 3085 Parisiensis
896 3018 1020 3086 scilicet
1047 3021 1145 3092 4807.
1171 3044 1257 3090 saec.
1272 3023 1335 3090 IX.

183 3167 190 3180 .
232 3127 359 3185 exeunt
382 3128 416 3185 et
437 3119 644 3188 Florentinus
664 3119 903 3188 Laurentianus
924 3143 1009 3190 saec.
1024 3122 1070 3190 Χ,
1110 3124 1238 3192 Horum
1261 3149 1336 3193 vero

232 3223 314 3290 alter
340 3222 427 3290 nullo
455 3224 552 3292 modo
581 3245 655 3291 cum
684 3221 829 3310 Spirensi
859 3234 969 3294 nostro
997 3227 1126 3295 videtur
1153 3227 1337 3314 cohaerere,

210 3327 313 3416 “alter
341 3327 471 3416 optime.
515 3327 603 3393 Nam
629 3325 835 3394 Florentinus
864 3328 968 3398 codex
994 3331 1127 3399 eandem
1148 3332 1216 3398 fere
1239 3343 1338 3420 atque

231 3440 341 3497 noster
367 3427 645 3519 cosmographiae
671 3427 912 3519 inscriptionem
939 3434 1055 3521 habet,
1083 3434 1198 3504 deinde
1228 3445 1337 3504 autem

231 3532 370 3618 priorem
394 3543 519 3619 partem
548 3531 691 3597 continet
719 3531 880 3621 Spirensis
913 3537 996 3603 libri.
1050 3535 1160 3621 Quare
1185 3541 1337 3625 equidem

231 3657 272 3702 ex
292 3634 511 3703 Laurentiano
534 3633 646 3702 codice
668 3640 865 3728 exscriptum
886 3641 984 3708 fuisse
1005 3640 1095 3708 illum
1117 3642 1337 3729 conficiemus,

228 3739 277 3806 ita
297 3746 335 3806 ut
354 3736 514 3825 Spirensis
541 3736 622 3808 liber
648 3744 776 3810 saeculo
806 3745 932 3812 decimo
959 3741 1122 3829 antiquior
1150 3767 1220 3816 esse
1248 3751 1338 3818 nullo

230 3844 327 3912 modo
348 3842 461 3932 possit.

318 3947 389 4016 Iam
416 3969 493 4016 vero
521 3947 562 4016 ad
591 3950 680 4039 ipsos
702 3948 797 4016 huius
817 3949 956 4020 familiae
978 3955 1214 4043 manuscriptos
1236 3955 1339 4024 libros

229 4057 436 4122 transeamus.
