2780 5092
596 429 653 496 191

67 630 221 674 mannum
250 605 401 672 comitem
428 603 628 668 Nueuarium
641 605 715 685 ⁵²²),
748 600 964 668 Godefridum
992 603 1175 671 Viterbien-

68 735 137 778 sem
151 711 222 794 823),
258 707 467 774 Vincentium
495 706 844 790 Bellovacensem⁵²⁴),
884 715 917 772 et
946 707 1027 772 alios
1056 709 1173 774 multos

71 837 155 900 qnos
178 834 363 878 enumerare
385 811 515 897 longum
538 818 596 875 est.

160 918 238 1004 Ipsa
260 925 367 980 autem
382 915 581 978 Francorum
596 912 724 1000 Regum
740 911 845 978 Gesta
864 915 951 978 circe
968 935 1084 978 annum
1100 916 1175 984 730.

69 1021 233 1107 exscripta
258 1027 333 1084 sunt
359 1041 400 1083 ex
423 1014 574 1102 Gregorii
603 1016 799 1082 Turonensis
828 1015 963 1082 historia
990 1018 1175 1104 epitomata,

70 1126 124 1190 cui
154 1131 267 1189 auctor
294 1121 393 1208 vulgo
421 1105 604 1205 assignatur
633 1119 850 1207 Fredegarius
883 1119 1093 1186 scholasticus
1111 1123 1174 1204 ⁵²⁵)

68 1228 190 1294 saeculi
211 1226 340 1312 septimi
362 1232 483 1290 auctor.
523 1221 590 1304 Qui
612 1221 743 1306 quidem
764 1225 798 1287 in
819 1224 1006 1312 fragmentis
1029 1247 1111 1309 quae
1133 1247 1175 1292 ex

73 1332 145 1396 aliis
168 1331 236 1395 eius
257 1330 416 1416 excerptis
431 1326 635 1392 historiarum
651 1335 832 1412 supersunt,
853 1328 936 1392 inter
952 1328 1176 1414 „cherpta
1196 1387 1205 1418 ,

70 1458 118 1500 ex
140 1431 310 1498 Eusebii
333 1431 543 1513 chronico,
572 1429 819 1517 Hieronymo
845 1431 1172 1516 interprete“⁵²⁶)

73 1536 208 1602 eandem
237 1534 377 1599 fabulam
406 1532 446 1598 de
468 1533 604 1600 Francis
631 1535 781 1620 protulit,
809 1537 843 1600 in
865 1536 998 1602 Hrasebii
1024 1536 1175 1602 chronico

72 1639 168 1705 hodie
196 1661 259 1704 non
288 1644 460 1701 extantem.
518 1636 610 1702 Idem
645 1645 759 1703 auctor
786 1661 963 1726 anonymus
995 1663 1071 1727 pag.
1099 1642 1174 1708 394.

74 1764 145 1826 cap.
161 1741 205 1804 11.
228 1741 295 1804 init.
318 1739 399 1804 haec
424 1740 549 1804 scribit:
588 1740 672 1822 „De
701 1740 946 1808 Francorum
975 1764 1069 1808 vero
1099 1742 1176 1808 Re-

73 1842 189 1932 gibus
211 1843 350 1909 beatus
372 1842 641 1927 Hieronymus
671 1843 737 1924 qui
767 1845 843 1908 iam
873 1846 968 1910 olim
994 1848 1176 1930 fuerant,

73 1947 282 2032 scripsit“.
317 1947 413 2012 Talia
435 1953 542 2010 autem
564 1945 598 2008 in
614 1943 647 2011 S.
664 1943 856 2032 Hieronymi
878 1947 1029 2032 operibus
1045 1950 1175 2014 omnino

75 2049 305 2134 desiderantur,
333 2052 423 2115 locus
449 2049 534 2114 enim
559 2048 612 2113 ille
638 2045 733 2132 qrrem
758 2049 869 2114 laudat
894 2051 1111 2136 Bonquet⁵²⁷)
1141 2053 1176 2116 in

72 2155 153 2220 haec
175 2153 363 2241 Fredegarii
384 2153 483 2219 verba
505 2151 643 2238 quadrat
664 2151 804 2217 minime.
842 2151 931 2236 Quid
952 2156 1071 2242 igitur?
1093 2179 1176 2242 quae

71 2258 103 2322 in
132 2257 263 2341 reliquis
289 2257 379 2323 libris
405 2259 525 2323 frustra
552 2255 660 2322 adbuc
689 2257 939 2342 quaerebantur,
981 2283 1026 2325 ea
1055 2260 1175 2326 bodie

70 2361 240 2448 legimus
262 2361 303 2425 in
324 2359 649 2445 Cosmographia
671 2358 812 2424 Ethici
840 2383 951 2445 quam
975 2361 1008 2430 S.
1032 2365 1175 2430 Hiero·

73 2487 213 2550 nymus
235 2465 536 2546 interpretatus
558 2471 634 2546 est,
656 2485 731 2550 pag.
749 2464 943 2532 532-4534.

160 2567 283 2634 Scribit
312 2564 396 2628 enim
424 2563 575 2630 Ethious:
623 2567 802 2648 „Numitor
827 2569 941 2657 igitur,
969 2593 1069 2659 regno
1092 2574 1175 2640 male

72 2677 264 2756 „usurpato,
290 2667 416 2732 hostem
439 2675 472 2731 et
494 2668 704 2736 vastationem
728 2671 866 2740 Tusciae
889 2676 1105 2742 saevissimam
1127 2678 1175 2742 in-

73 2774 184 2856 „tnlit;
206 2771 390 2859 Pyrrhaeos
405 2779 529 2836 montes
545 2768 772 2861 Cisalpinaque
788 2780 866 2867 iuga
886 2783 1091 2865 peraccessit,
1105 2781 1176 2846 No·

74 2877 180 2959 „ricos
196 2874 343 2958 obtinuit,
358 2873 516 2940 Histriam
531 2876 704 2945 crudeliter
718 2885 891 2967 oppressit3
908 2883 1055 2948 Histrum
1073 2895 1176 2951 trans·

74 2981 162 3062 ,iens
185 3002 258 3044 cum
269 2979 406 3044 Albanis
429 2979 607 3063 altercavit,
631 2981 688 3044 sed
706 3003 856 3066 superare
873 3005 938 3049 non
955 2989 1077 3071 potuit3
1101 3009 1174 3053 oum

76 3085 220 3169 ,magnis
247 3083 359 3169 spoliis
387 3084 549 3148 remeavit.
600 3082 672 3147 Neo
701 3085 801 3150 multo
829 3095 904 3171 post
926 3089 1176 3177 obiurgaverunt

75 3193 204 3268 „mutuo
230 3193 364 3274 nepotes
394 3209 467 3250 oum
496 3209 573 3252 avo:
610 3189 871 3273 consurrexitque
896 3189 1051 3260 Romulus
1079 3217 1175 3280 super

73 3311 203 3373 „avum,
231 3289 436 3356 Numitorem
464 3289 643 3375 interfecit,
673 3303 705 3357 et
731 3315 863 3380 regnum
887 3297 1046 3382 sagaciter
1068 3307 1102 3362 et
1124 3321 1175 3362 ar·

140 3554 209 3617 522)
231 3559 335 3616 „Brevis
360 3559 471 3607 namatio
495 3562 526 3609 de
551 3561 648 3623 origine
671 3571 697 3610 et
719 3565 821 3612 sedibus
840 3563 1011 3614 Francomm“
1035 3566 1102 3629 apud
1120 3566 1174 3615 Du-

71 3644 164 3692 chesne
181 3643 202 3704 1,
220 3659 278 3707 pag.
294 3642 352 3692 172.
366 3658 421 3705 sqq.

139 3726 209 3789 52³)
227 3731 254 3777 in
267 3725 433 3787 „Pantheon“
445 3731 513 3790 apud
525 3729 649 3789 struve,
663 3729 806 3784 Germanic.
831 3735 988 3800 Scriptorum
1000 3748 1047 3788 eto.
1066 3747 1127 3786 tom.
1140 3737 1172 3784 11.

71 3815 201 3865 Ratisbon.
222 3811 298 3863 1726.
317 3813 363 3862 tol.
380 3827 438 3875 pag.
452 3811 511 3862 295.
531 3813 618 3864 3808.
638 3813 726 3866 381Α.

140 3897 208 3962 524)
227 3901 254 3948 in
277 3899 404 3964 „Speculo
426 3897 582 3950 Historiali“.
618 3901 665 3950 cfr.
684 3903 821 3966 Speculum
845 3909 925 3958 maius
943 3908 1010 3956 adid.
1028 3905 1083 3956 Ich.
1102 3905 1173 3962 Men-

70 3987 140 4046 telin,
156 3987 289 4050 Argentin.
312 3983 386 4035 147³.
405 3985 449 4036 rol.

141 4065 208 4128 525)
227 4073 272 4121 cfr.
290 4071 410 4135 Bonquet
426 4072 459 4133 Il,
479 4069 537 4122 ³94.
569 4065 572 4072 ¹

141 4149 209 4213 526)
228 4155 347 4218 Bonquet
362 4159 396 4221 Π,
416 4157 475 4208 461.

140 4233 208 4300 527)
228 4239 410 4304 Hieronymum
428 4245 454 4294 in
472 4247 523 4297 vita
539 4243 566 4298 S.
585 4243 731 4297 Hilanonis.
